1696 2988
208 73 754 150 QUADRUPEDA.
794 73 1027 123 OrdoVII.
1057 74 1323 126 GenusXV.
1394 94 1449 144 73

538 228 1443 269 Q

412 360 810 425 ORDO
946 358 1167 423 VII.

116 492 159 557 Q
176 489 375 539 UADR
393 489 534 536 UPE
552 490 648 537 DA
681 493 893 538 Dentibus
926 490 1174 551 incifhribus
1211 494 1255 540 in
1289 505 1462 557 utraque

116 564 117 567 ’
391 565 592 622 maxilla,
629 562 683 618 δέ)
711 566 813 628 pede
844 563 997 627 bisulco
1030 566 1199 613 donata.

176 705 200 737 n
238 690 329 736 hoc
356 690 531 737 Ordine
560 692 745 740 unicum
777 693 1044 740 continetur
1068 692 1253 750 Genus,
1290 694 1467 743 scilicet

197 756 402 801 Suillum:
439 755 482 800 in
513 772 603 817 quo
636 758 818 804 Genere
857 758 1062 805 dentium
1102 758 1347 812 incisorum
1387 777 1463 807 nu‘

119 835 270 865 merus
299 819 528 879 saepiffime
551 821 711 867 variat.
782 823 931 880 Hujus
964 822 1087 868 enim
1120 824 1315 870 Generis
1340 825 1467 889 QUA-

118 898 341 931 DRUPEDA
370 884 582 931 dentibus
607 886 896 941 incisoribu3‚
930 887 974 931 in
1004 887 1187 943 maxilla
1214 888 1464 947 superiore,

120 952 257 995 modo
276 965 334 1006 4,
363 950 501 994 modo
518 964 544 1007 5
560 986 572 1006 ,
594 950 733 1003 modo
755 954 810 1004 63
835 949 882 995 in
899 948 1083 997 maxilla
1111 965 1223 997 vero
1253 952 1472 1002 inferiore

121 1014 260 1059 modo
283 1030 337 1071 4,
372 1014 509 1060 modo
537 1019 589 1071 6,
626 1014 765 1059 modo
802 1019 825 1063 8
855 1013 1099 1059 donantur.
1169 1015 1285 1080 Quae
1322 1022 1469 1067 varie-

122 1091 192 1123 tas
216 1080 261 1124 in
286 1092 474 1124 numero
497 1078 704 1123 dentium
736 1078 781 1123 in
804 1091 1007 1123 errorem
1039 1077 1258 1126 inducere
1289 1087 1468 1142 nequit,

125 1143 341 1201 quoniam
369 1141 525 1186 Genus
550 1141 667 1187 istud
691 1142 874 1187 unicum
900 1140 1105 1203 estquod
1134 1144 1328 1192 dentibus
1365 1153 1472 1195 incl-

107 1205 277 1267 sorihus
306 1210 350 1252 m
382 1218 573 1269 utraque
595 1206 806 1264 maxilla,
841 1204 888 1253 ἃ
921 1204 1046 1253 simul
1065 1210 1169 1271 pede
1202 1208 1356 1272 bisulco
1391 1216 1470 1261 do·

121 1283 273 1317 netur.

534 1379 653 1428 XV.
700 1381 841 1428 Genus
881 1379 1073 1427 Suillum.

126 1492 278 1553 Hujus
310 1493 543 1542 chamoler
579 1496 645 1543 est

120 1559 299 1604 Dentes
334 1557 551 1606 incisores
585 1561 631 1607 in
667 1572 857 1622 utraque
889 1560 1097 1609 maxilla:

124 1622 211 1669 Pes
246 1621 454 1682 bisulcus,

173 1749 250 1795 Obs.
278 1762 310 1790 1.
336 1751 373 1789 Si
402 1751 566 1791 dentium
597 1753 791 1790 incisoruin
822 1762 997 1790 numerus
1026 1750 1066 1787 sit
1094 1749 1240 1797 :equalis
1268 1749 1302 1786 iu
1329 1749 1473 1793 duobus

127 1803 284 1839 maxillis
299 1830 307 1843 .
335 1814 358 1848 4
380 1804 459 1841 sunt
481 1804 537 1839 vel
563 1808 585 1841 6
607 1807 736 1840 dentes
758 1804 792 1840 in
816 1814 984 1849 utraque.

176 1850 254 1901 Obs.
279 1863 312 1890 2.
341 1853 378 1890 Si
400 1865 489 1890 vero
518 1853 558 1890 sit
579 1853 790 1903 inaequalis,
818 1854 966 1890 maxilla
992 1852 1148 1889 inferior
1175 1851 1312 1898 semper
1335 1854 1473 1897 majore

129 1914 284 1940 numero
312 1903 481 1941 donatur.

177 1952 253 2002 Obs.
277 1963 311 1997 3.
340 1954 470 1999 szor
491 1954 553 1992 ille
575 1965 749 1991 numerus
772 1953 937 1991 dentium
960 1951 1157 1990 incisorum
1182 1950 1364 1988 minorem
1383 1952 1476 1990 duo-

126 2004 195 2040 bus
216 2003 388 2041 dentibus
413 2013 552 2042 tantum
572 2005 746 2048 excedit,
776 2005 949 2051 utrmque
972 2014 1058 2040 uno,

180 2054 257 2102 Obs.
280 2065 312 2098 4.
342 2056 471 2093 Varius
495 2056 556 2092 ille
581 2055 746 2092 dentium
767 2055 962 2092 incisorum
981 2063 1153 2090 numerus
1177 2051 1222 2087 ad
1252 2051 1476 2099 distinguen-

131 2104 196 2141 das
224 2106 317 2141 inter
337 2105 372 2142 se
394 2107 499 2151 hujus
519 2106 665 2153 generis
688 2105 824 2150 species
847 2105 962 2140 varias
983 2103 1159 2140 inservire
1186 2103 1337 2149 nequit:
1367 2105 1400 2140 ii]
1425 2103 1477 2139 di-

128 2153 240 2192 versis
270 2155 366 2191 enim
388 2156 552 2202 ejusdem
575 2156 706 2204 speciei
736 2155 932 2193 indIviduis
956 2154 1072 2190 variat
1093 2153 1153 2189 ille
1182 2162 1366 2189 numerus.
1421 2152 1480 2189 Ad

128 2205 232 2242 sexus
262 2204 370 2241 etiam
401 2205 669 2243 distinstionem
698 2216 929 2252 nequaquam
970 2211 1074 2252 aptus
1105 2203 1189 2247 est3
1225 2202 1349 2247 plures
1380 2204 1480 2240 enim

127 2253 252 2292 Porcos
269 2252 458 2303 domesticos
490 2267 607 2294 mares
626 2256 660 2293 ἃ
680 2256 848 2293 foeminas
868 2253 1087 2298 observavi,
1115 2253 1151 2289 in
1171 2252 1303 2300 quibus
1325 2253 1360 2288 in
1379 2261 1480 2289 utro·

131 2315 204 2352 que
224 2305 310 2341 sexu
335 2306 592 2343 indifferenter
616 2317 745 2343 omnes
767 2305 846 2341 illas
869 2305 1064 2345 varietates
1089 2303 1218 2350 reperi.

181 2354 260 2403 ObJI
280 2366 312 2401 5.
341 2356 484 2393 Dentes
503 2356 677 2394 incisores
698 2357 733 2392 in
763 2354 909 2392 maxilla
940 2353 1128 2399 superiore
1147 2352 1226 2389 sunt
1245 2362 1479 2399 convergen·

132 2410 205 2445 tes;
236 2407 271 2441 in
296 2406 473 2444 inferiore
503 2418 617 2451 vero,
647 2407 771 2444 saltem
793 2405 1026 2450 intermedii,
1064 2404 1216 2451 oblique
1247 2403 1413 2440 inclinati
1445 2402 1481 2439 ὅτ,

131 2456 397 2500 prominentes,

184 2502 259 2552 Obs.
282 2510 316 2542 6.
352 2506 487 2544 Omnia
518 2507 625 2553 hujus
658 2507 816 2555 Generis
850 2507 1122 2557 QUADRUPEDA
1158 2502 1313 2541 rostrum
1343 2504 1481 2542 habent

130 2551 355 2607 oblongum,
376 2558 411 2608 in
432 2558 581 2606 planum
602 2561 805 2599 rotundum
829 2558 1087 2602 terminatum,
1106 2556 1143 2592 in
1163 2565 1238 2603 quo
1260 2552 1340 2591 sunt
1360 2564 1479 2592 nares.

802 2658 840 2719 E
874 2672 902 2725 5
1227 2653 1281 2707 ἴ*
1317 2667 1359 2699 1.
1393 2651 1482 2702 SUS
