1696 2988
127 119 597 190 QUADRUPEDA.
628 119 739 169 Ordo
749 119 860 167 XV.
877 119 1018 167 Genus
1032 118 1248 169 XXXIII.
1321 141 1340 173 1
1350 132 1380 173 6
1381 140 1413 187 5·

52 246 93 300 '„
124 238 330 285 Foemina
351 237 462 286 duas
483 237 628 285 habet
648 251 867 284 mammas
891 237 1138 295 rotundas3
1173 237 1399 285 diameter

56 337 95 363 „
126 316 317 360 earum,
366 316 476 364 quas
518 302 814 360 mensuravi,
869 316 897 360 7
927 302 1117 362 pollices
1162 304 1401 365 aequabat3

54 400 88 425 ‚‚
127 366 344 414 craffities
367 379 482 413 vero
503 380 532 423 5
555 378 634 414 aut
653 366 837 414 circiter
856 366 1061 426 pollices,
1088 402 1099 413 .
1125 402 1136 414 .
1159 402 1170 413 .
1241 366 1402 413 Ambi-

54 467 85 489 ‚‚
122 443 194 478 tus
219 430 421 490 corporis
452 429 571 476 illius
602 431 764 489 Piscis,
807 431 885 493 qui
913 445 938 477 a
967 432 1120 491 capite
1151 431 1207 478 ad
1241 430 1400 478 caudae
1463 434 1468 439 '

54 529 88 555 ‚,
121 506 333 543 exortum
360 505 481 540 teres
505 494 596 552 est,
628 493 734 542 ofto
761 495 902 557 pedes
927 494 976 543 δι
1002 511 1026 543 2
1048 498 1235 558 pollices
1258 498 1398 543 attin-

48 593 90 619 „
124 560 279 622 gebat.
334 557 491 606 Cauda
514 559 570 606 ab
589 572 753 606 exortu
776 559 833 606 ad
853 561 1193 608 extremitatem
1222 576 1276 617 19
1298 563 1398 621 pol-

53 657 92 684 „
124 623 233 670 lices
260 623 397 686 longa
429 635 555 679 erat3
586 638 671 685 qua
697 636 828 686 parte
863 624 1093 682 latissima,
1134 641 1186 683 15
1212 627 1402 673 circiter

52 724 85 747 ‚,
119 688 307 749 pollices
328 687 620 749 attingebat:
653 687 703 735 &
723 688 876 736 versus
899 703 1158 737 extremum
1182 690 1402 737 crassities

56 790 86 812 ,‚
123 767 148 813 3
182 753 366 800 circiter
408 751 597 813 pollices
641 756 852 814 aequabat
857 790 1008 802 .....
1097 756 1226 802 Cutis
1267 754 1403 816 hujus

53 851 89 877 „
122 817 258 864 Piscis
295 816 410 864 corii
445 816 611 863 ssovini
650 816 883 877 duplicem
922 818 1022 865 fere
1069 820 1312 867 craffitiem
1354 820 1403 866 in

55 918 86 941 ‚‚
121 881 253 929 dorso
278 891 457 943 aequat3
491 880 536 927 in
567 893 734 927 ventre
760 896 872 927 vero
898 884 1042 928 multo
1070 885 1218 928 minus
1246 882 1399 930 craffa.

56 980 91 1005 „
123 945 309 1007 Rugosa
341 944 433 999 est,
468 945 632 992 coloris
662 960 719 993 ex
748 947 935 992 cinereo
963 946 1077 993 fusci
1099 984 1110 1003 ,
1145 948 1248 1007 pilis
1283 948 1404 1007 ejus-

57 1045 92 1070 „
128 1011 235 1057 dem
259 1010 455 1065 coloris,
490 1009 630 1067 raris,
653 1009 827 1065 craffis,
851 1009 1005 1071 satque
1030 1012 1176 1073 longis
1202 1011 1357 1057 oblita.
1377 1011 1401 1027 ’¹'

122 1075 383 1122 Secundum
419 1072 643 1120 AuCtores
664 1088 825 1120 omnes
853 1075 1032 1120 duobus
1059 1088 1237 1122 tantum
1271 1076 1403 1135 pedi-

54 1141 138 1188 bus
172 1141 387 1186 Manacus
416 1137 634 1196 praeditus
661 1136 757 1186 est:
811 1152 1013 1187 attamen
1050 1153 1224 1187 tantam
1261 1141 1404 1189 habet:

54 1219 158 1251 cum
232 1203 536 1263 uadrupedihus
556 1202 813 1263 analogiam
828 1237 843 1259 ‚
880 1216 929 1249 ut
950 1203 1007 1250 ad
1031 1220 1190 1251 eorum
1213 1204 1402 1254 Classem

55 1284 162 1317 eum
187 1268 418 1330 pertinere
441 1278 599 1328 putem
616 1266 885 1322 ;verifimile
903 1269 1027 1314 enirn
1054 1270 1236 1315 videtur
1260 1272 1403 1329 pedes

54 1332 328 1397 posteriores
354 1346 459 1378 cum
481 1331 635 1379 'cauda
666 1330 906 1390 conneffl,
940 1348 1110 1395 eosque
1131 1332 1403 1382 diffefflone

58 1397 182 1461 poffe
213 1396 389 1457 detegi.

121 1461 497 1524 [Accuratiorem
519 1460 1063 1521 Manacidescriptionem
1089 1464 1278 1511 tradidit
1290 1466 1404 1511 Stel-

61 1527 196 1581 Ierus,
231 1526 276 1571 in
308 1529 442 1572 Novi‘s
479 1527 799 1572 Commentariis
819 1529 1056 1573 Academica
1081 1530 1407 1590 Petropomanae

61 1591 178 1638 Yam.
206 1592 264 1636 11.
296 1603 339 1651 p.
366 1604 469 1647 294.
506 1604 563 1635 ex
591 1605 678 1651 qua
710 1589 767 1635 ad
797 1591 1022 1653 majorem
1053 1592 1403 1642 illustrationem

54 1656 133 1703 hic
170 1670 399 1716 apponere
435 1655 562 1700 lubet
586 1690 597 1709 ‚
645 1669 743 1715 quae
782 1669 870 1700 non
914 1657 1198 1703 memoravit
1242 1659 1401 1705 [Αἰγαί.

130 1722 305 1767 Munati
322 1719 562 1780 longitudo
577 1720 631 1766 ab
648 1719 777 1779 apice
798 1719 1158 1780 labiisuperioris
1179 1722 1233 1768 ad
1249 1735 1403 1769 extre-

59 1802 185 1834 mum
215 1785 369 1834 caudae
399 1799 539 1831 cornu
575 1783 786 1831 dextrum
825 1798 883 1842 24
911 1785 1103 1843 pedum,
1141 1785 1188 1833 ἅ
1219 1792 1243 1838 8
1271 1788 1404 1848 polli-

59 1867 180 1901 cum.
250 1851 467 1896 Ambitus
486 1849 709 1896 maximus
733 1851 935 1908 corporis
957 1850 1078 1896 circa
1100 1852 1300 1898 medium
1323 1855 1404 1899 ab·

57 1918 227 1964 domen
263 1929 321 1961 20
354 1914 537 1975 pedum.
605 1915 752 1973 Caput
776 1914 947 1974 pariter
977 1930 1031 1962 ac
1061 1916 1260 1973 collum,
1307 1931 1404 1965 non

57 1983 183 2030 secus
215 1979 343 2026 acin
369 1979 580 2026 omnibus
614 1978 813 2025 Piscibus
853 1979 917 2025 ita
951 1979 1135 2040 corpori
1162 1981 1407 2044 jungitur,

60 2059 111 2093 ut
137 2044 391 2091 nullatenus
412 2043 607 2104 discerni
632 2041 825 2105 poffit:a
842 2043 1032 2107 scapulis
1053 2044 1107 2090 ad
1133 2047 1405 2094 umbilicum

59 2125 221 2170 corpus
256 2109 403 2156 subito
434 2109 565 2156 latius
596 2109 643 2156 se
676 2106 927 2166 dIffundit,
970 2109 1018 2156 ἃ
1049 2109 1216 2157 abhinc
1250 2112 1405 2158 versus

60 2190 195 2221 anum
226 2174 381 2221 denuo
410 2173 558 2220 subito
589 2172 860 2235 gracilescit.
925 2174 1063 2220 Corio
1087 2176 1261 2236 tegitur
1283 2190 1405 2222 cras-

59 2238 242 2298 fiffimo,
275 2240 436 2300 nigro,
470 2239 656 2294 scabr03
688 2237 809 2300 quod
830 2252 922 2286 non
947 2237 1012 2285 est
1042 2240 1158 2286 cutis
1186 2240 1259 2287 sed
1285 2240 1406 2287 cuti-

62 2304 161 2351 cula
181 2340 194 2361 ,
239 2302 447 2351 constans
481 2318 508 2349 e
540 2303 676 2350 meris
714 2303 879 2351 tubulis
908 2303 1153 2350 altitudine
1183 2305 1404 2367 pollicem

63 2368 342 2428 aequantibus
373 2384 386 2426 3
438 2367 604 2415 horum
644 2368 902 2416 tubulorum
931 2383 1182 2430 compages
1210 2370 1267 2416 ad
1299 2384 1406 2431 per-

62 2432 357 2492 pendiculum
387 2434 514 2492 cuti,
557 2432 745 2480 duarum
775 2433 998 2481 linearum
1034 2433 1275 2485 craffitiem
1310 2448 1406 2483 non

62 2495 313 2555 superanti,
354 2497 661 2559 implantatur.
732 2499 881 2560 Caput
910 2513 1104 2559 parvum
1138 2509 1405 2559 comparate

61 2559 120 2606 ad
154 2560 372 2621 reliquam
403 2563 605 2625 corporis
635 2564 822 2610 molem.
876 2562 1039 2611 Βὶἕὶιιε
1062 2562 1154 2608 oris
1177 2577 1269 2610 non
1288 2562 1404 2608 adeo

62 2638 259 2688 magnus
280 2659 296 2683 ,
338 2625 507 2676 labium
538 2627 742 2690 superius
774 2629 913 2691 longe
943 2630 1060 2677 ultra
1094 2625 1406 2676 mandibulam

752 2693 792 2737 L
827 2707 852 2753 3
967 2713 971 2716 ·
1344 2690 1416 2743 inz
