1696 2988
229 159 320 220 228
373 154 577 204 REGN.
601 151 799 203 ANIM.
827 150 970 202 CET.
1009 154 1122 202 Ordo
1142 152 1231 204 IV.
1271 155 1413 206 Genus
1429 151 1515 206 IV}

222 269 476 317 admodum
511 272 661 318 Orca:
713 272 827 318 Orca
860 283 1016 318 autem
1050 271 1263 318 dentibus
1297 271 1344 318 in
1383 284 1571 336 utraque

219 336 408 383 maxilla
441 336 647 383 munitur
673 351 686 392 ;
740 337 1038 398 quamobrem
1079 336 1349 399 Physeterem
1378 337 1435 384 ad
1467 336 1568 384 Del-

220 401 343 463 phini
376 401 533 448 Genus
572 401 721 447 retuli.
821 399 938 448 Haec
982 399 1082 447 sunt
1132 405 1276 449 verba
1304 400 1563 449 Rondeletii.

223 463 429 527 Physeter
462 498 499 523 ‚,
530 465 685 511 Bellua
712 463 778 511 est
810 465 1089 513 admirandae
1116 465 1475 529 magnitudinis,
1509 479 1567 514 ex

223 563 260 588 ,,
292 531 572 576 Balaenarurn
597 529 811 576 Genere:
845 545 924 576 ore
946 531 1181 589 maximo,
1213 530 1428 577 dentibus
1459 546 1567 578 acu·-

221 627 263 654 ,‚
297 595 354 641 tis
384 594 562 641 serratis
597 593 980 656 quemadmodum
1016 596 1153 642 Orca.
1232 595 1412 656 Lingua
1443 596 1568 644 intus

223 693 261 719 „
296 673 464 719 magna
503 658 553 706 δε
590 659 790 706 carnosa.
856 658 1072 706 Fistulam
1113 660 1253 720 longe
1295 660 1565 719 ampliorem

222 757 259 782 ,‚
293 721 458 780 habet,
494 738 631 786 quarn
661 724 846 784 reliquae
873 724 1071 770 Belluae:
1117 737 1250 785 quam
1285 724 1347 768 ob
1383 725 1564 771 causam

222 823 255 846 ,‚
285 789 434 834 multo
455 789 552 850 plus
578 803 706 850 aquae
727 787 878 845 rejicit
907 785 954 832 δι
976 785 1127 845 efflat,
1163 787 1282 834 unde
1305 786 1370 833 illi
1394 800 1564 836 nomen

222 885 258 910 „
293 860 515 909 φυσητηρος.
582 854 657 898 Ab
687 852 813 896 Orca
840 849 1023 907 differt,
1058 852 1179 914 quod
1213 853 1358 900 multo
1381 851 1565 914 longior

222 952 255 975 „
291 916 366 971 fit,
392 914 441 963 ἃ
462 914 577 961 dorfi
600 917 739 975 pinna
760 928 923 962 careat.
944 916 1237 979 Pinguedine
1251 918 1394 964 multa
1419 918 1563 964 abun-2

224 1015 256 1037 ,‚
291 979 396 1036 dat,
431 981 581 1028 veluti
602 977 850 1028 Balaena&
874 981 1040 1029 Belluae
1071 981 1305 1046 reliquae.’'
1369 982 1565 1031 Habitat:

218 1045 266 1093 in
288 1045 497 1093 Oceano,
