1696 2988
184 109 653 180 QUADRUPEDA.
690 111 804 157 Ordo
820 108 947 156 XIII.
968 110 1111 156 Genus
1128 110 1299 162 XXIX.
1373 131 1462 175 151

111 246 211 278 cern
237 264 251 287 ‚
296 245 435 275 unum
471 228 634 285 pedem
666 225 714 274 ἃ
748 230 778 273 6
805 226 1023 287 pollices:
1061 241 1194 274 crura
1214 227 1467 286 posteriora

111 294 237 356 paris
270 295 368 341 sunt
409 292 730 354 longitudinis.
799 293 1019 338 Ambitus
1051 293 1293 350 corporis,
1341 295 1464 343 circa

115 358 274 421 petitus
316 357 590 412 mensurati,
624 373 711 419 qua
741 368 870 418 parte
903 356 1082 402 crassius
1110 357 1200 414 est,
1238 373 1259 403 1
1296 357 1466 418 pedem

114 423 163 470 ἃ
195 428 223 470 6
251 424 392 470 lineas
430 423 634 482 attingit.
703 422 944 469 Auriculas
981 423 1120 468 habet
1152 423 1365 470 auriculis
1389 425 1467 469 hu-

113 491 253 536 manis
282 486 476 542 fimiles,
513 485 560 533 6<
583 487 750 548 nigras.
794 488 981 543 Facies,
1018 499 1186 548 caput,
1223 503 1322 548 pars
1345 487 1464 535 dorsi

115 552 354 608 anterior,
399 562 554 609 partes
589 553 844 598 exteriores
882 552 1107 599 femorum
1145 554 1423 600 anteriorum
1451 590 1467 611 ‚

113 619 345 665 femorum
387 615 435 662 ἃ
465 631 643 663 crurum
676 616 1006 676 posteriorum,
1048 633 1179 665 crura
1202 620 1432 665 anteriora
1451 654 1466 676 ,

115 683 288 739 cauda,
323 680 371 729 ἃ
403 682 542 742 pedes
565 693 759 743 quatuor
778 683 896 744 nigri
918 683 1044 729 sunt:
1080 699 1181 744 pars
1213 682 1330 729 dorsi
1357 698 1462 743 pos·

115 749 254 794 terior
286 746 351 793 est
380 762 438 792 ex
471 745 598 792 fusco
626 748 785 809 nigra:
831 748 972 794 latera
1003 746 1267 795 rufescunt:
1302 763 1467 815 corpo·

115 814 178 861 ris
200 811 392 859 inferior
413 827 514 874 pars
545 822 673 868 tota,
707 823 863 874 guttur
895 812 1100 869 scilieet,
1135 812 1318 873 ρεξὶυε,
1354 828 1469 860 v-en

95 891 218 936 ter,
254 889 407 938 partes
441 877 683 923 interiores
717 875 944 922 femorum
980 877 1289 934 anteriorum,
1324 876 1472 923 ferno-

114 959 217 991 rum
257 941 305 990 &
337 957 515 989 crurum
552 940 853 1002 posteriorum
885 956 943 987 ex
983 941 1162 988 sordide
1201 941 1304 988 albo
1333 940 1467 989 flavi·

116 1020 241 1056 cant
277 1007 486 1079 Quatuor
511 1006 680 1053 habet
668 1020 714 1052 1n
737 1005 929 1065 pedibus
954 1007 1258 1053 anterioribus
1281 1007 1469 1068 digitos,

117 1075 162 1120 in
192 1072 519 1134 posterioribus
539 1085 650 1116 vero
669 1070 909 1130 53pollice
931 1083 1083 1117 autem
1106 1071 1150 1117 in
1180 1071 1372 1131 pedibus
1396 1087 1474 1118 an-

123 1140 369 1184 terioribus
410 1135 683 1181 destituitur.
762 1135 916 1181 Cauda
950 1136 995 1181 in
1035 1151 1228 1182 acumen
1273 1134 1472 1192 desinit,

119 1204 315 1264 pilisque
351 1200 544 1246 vestitur
580 1215 660 1259 per
695 1212 841 1246 totam
874 1200 1240 1261 longitudinem,
1277 1215 1477 1260 excepta

120 1281 219 1331 part
205 1285 249 1315 e
270 1265 492 1313 inferiore
522 1267 578 1311 ab
605 1266 738 1323 apice
763 1264 819 1310 ad
851 1267 1035 1312 tertiam
1058 1266 1359 1327 longitudinis
1374 1281 1476 1327 par

90 1346 240 1390 tem,
286 1346 386 1393 quae
421 1342 529 1377 cute
569 1329 766 1385 sulcata,
800 1330 918 1375 cutis
943 1331 1110 1391 plantae
1135 1330 1304 1402 pedum
1336 1346 1473 1376 aemu-

119 1398 193 1455 la,
227 1398 427 1469 tegitur3
463 1397 761 1458 quamobrem
785 1396 928 1441 cauda
951 1396 1051 1450 sua,
1077 1393 1187 1440 ficut
1210 1396 1372 1456 quinto
1394 1411 1473 1455 pe

97 1463 180 1509 ..de
206 1465 374 1508 utitur:
411 1475 626 1507 manuum
649 1475 774 1507 enim
795 1459 997 1507 officium
1026 1460 1234 1519 praestat,
1268 1459 1315 1506 ἅ
1344 1460 1475 1521 hujus

122 1542 214 1588 ope
241 1528 395 1572 cibum
426 1525 494 1570 ori
521 1525 754 1571 admovet.
822 1526 890 1571 Ex
924 1524 1079 1570 museo
1102 1525 1423 1571 Realmmiano.

189 1592 323 1637 Illum
364 1589 569 1634 Belzebut
608 1590 794 1634 nomine
832 1590 1031 1647 donavi,
1074 1590 1152 1635 sub
1186 1605 1277 1650 quo
1298 1588 1473 1636 Parisiis

123 1657 311 1721 publice
338 1653 538 1701 ostensus
560 1652 639 1700 est.

468 1782 955 1837 STIRPS
1067 1783 1133 1836 V.

127 1901 204 1948 Eae
226 1915 313 1961 quae
335 1899 510 1948 caudam
536 1899 690 1945 habent
721 1900 915 1960 longam,
951 1895 1005 1951 ἐξ)
1030 1897 1203 1962 rostrum
1223 1900 1475 1960 produt‘Ziur,

129 2013 850 2071 CERCOPITHECUS.
923 2014 1476 2068 CYNOCEPHAL-us.

191 2133 244 2158 *³¹⁶
281 2147 301 2178 1
359 2131 867 2179 CERcorrrHEcus
911 2132 1416 2177 CYNOCEPHALUS.

131 2237 496 2298 Cercopithecus
539 2235 891 2300 Cynocephalus
922 2252 980 2282 ex
1014 2235 1402 2284 viridescentibus
1436 2233 1486 2280 &z

190 2302 517 2349 flavicantibus
566 2303 668 2363 pilis
710 2303 992 2364 variegatus.
1017 2337 1028 2347 .
1056 2337 1065 2347 .
1093 2338 1103 2348 .
1154 2303 1223 2348 LE
1260 2302 1488 2347 cmcopr*

196 2370 394 2425 ’tneque
430 2368 804 2416 CYnocr-CPHALE.

134 2459 485 2527 Cercopithecus.
519 2471 658 2528 Jonft.
691 2472 848 2531 Qtadr.
881 2471 967 2528 F‘g
1000 2471 1046 2514 T.
1076 2485 1145 2528 59
1179 2471 1294 2527 (Fz'g.
1328 2472 1464 2523 Lena)

201 2568 252 2613 In
270 2570 511 2624 omnibus,
547 2571 757 2630 exceptis
779 2572 948 2627 cauda,
983 2585 1070 2631 qua
1089 2571 1312 2621 donatur,
1351 2566 1399 2610 <Sc
1423 2581 1494 2614 ro

135 2630 224 2680 st1'0
251 2667 266 2691 ²
310 2632 443 2682 rostri
482 2636 636 2683 Canini
677 2635 856 2688 instar,
899 2608 1125 2697 piodufito
1151 2668 1168 2694 ,
1217 2648 1292 2680 cut
1296 2648 1323 2677 n
1358 2631 1496 2676 Simia

821 2700 863 2745 K
895 2716 924 2755 4
1392 2709 1502 2742 con-
