1696 2988
269 135 362 182 230
503 118 877 169 REGNUM
945 117 1361 169 ANIMALE.

330 234 438 278 setei-
461 234 629 277 maxilla
653 232 861 290 superiore
882 219 1101 289 longiore,
1118 234 1240 286 pinna
1263 235 1387 291 longa
1412 233 1450 276 in
1473 231 1576 277 dors
1602 241 1620 279 .’

325 291 426 333 Art.
453 291 550 344 Syn.
579 289 684 342 Pzsc.
711 303 754 343 g.
783 294 852 342 46.
881 289 946 343 sp.
982 302 1017 331 1.
1119 289 1353 333 Troifieme
1382 289 1532 342 espece
1562 288 1620 333 de

329 345 551 391 Cachalot.
579 343 692 404 Hzst.
722 344 827 398 d'lfl.
858 343 906 392 ἐξ
932 347 978 390 de
1006 345 1084 389 Gr.
1120 344 1225 388 Tom.
1254 344 1309 388 11.
1333 354 1377 400 p.
1413 356 1508 397 ιω.

337 462 553 523 Corporis
581 461 820 524 longitudo
844 460 1117 524 quandoque
1145 476 1206 522 70
1228 462 1370 523 pedes
1406 462 1614 524 attingit.

272 528 424 587 Caput
453 538 593 575 tantae
627 527 760 573 molis
795 525 889 583 est,
926 539 1006 584 ut,
1039 528 1228 586 dempta
1263 528 1434 584 cauda,
1472 528 1616 574 totius

272 592 480 652 corporis
509 590 706 638 mediam
737 590 1074 652 longitudinem
1103 592 1269 639 habeat
1291 627 1305 647 ‚
1347 589 1396 638 &
1425 591 1620 639 craffitie

271 657 494 717 reliquam
550 656 755 716 corporis
811 667 989 714 partem
1017 691 1029 710 ‚
1088 656 1226 701 etiarn
1275 670 1362 716 qua
1420 655 1617 701 craffiffi-

270 736 432 777 marn,
485 720 681 778 superet.
764 721 816 764 In
862 720 1045 764 maxilla
1097 718 1354 775 inferiore,
1406 734 1505 780 quae
1550 721 1618 766 su·

271 786 455 845 periore
493 785 627 844 paulo
671 784 856 828 brevior
897 781 996 837 est,
1043 781 1204 829 dentes
1250 785 1348 829 sunt
1390 783 1617 840 rotundi,

271 863 515 910 parumper
553 846 793 906 compreffi
818 881 830 901 ‚
874 846 1085 902 arcuati,
1131 845 1179 893 ἃ
1212 846 1525 905 falciformes,
1569 847 1619 895 in

269 914 426 960 media
457 911 747 973 longitudine
782 909 1008 956 crassiores
1041 909 1088 957 δι
1128 912 1273 973 magis
1314 918 1520 970 arcuati,
1567 910 1619 960 &

268 975 429 1025 sensim
465 976 524 1023 de
554 975 745 1022 craflitie
775 976 1094 1030 remittentes3
1140 974 1340 1037 superius
1366 978 1413 1023 in
1449 992 1621 1024 conum

268 1055 484 1098 acutum,
522 1040 643 1087 intus
679 1038 857 1085 versum
879 1075 891 1096 ,
936 1038 1224 1097 desinentes,
1258 1040 1443 1089 inferius
1474 1042 1619 1088 etiam

272 1106 468 1153 craflitie
497 1104 765 1159 immuniti,
816 1106 861 1151 in
885 1103 1087 1151 radicem
1125 1107 1380 1152 tenuiorem
1413 1105 1463 1153 ὃ(
1483 1120 1619 1168 quam

270 1172 320 1218 in
368 1170 522 1216 medio
576 1168 881 1230 angustiorem
938 1169 1126 1214 abeunt.
1204 1171 1254 1217 In
1310 1170 1493 1216 maxilla
1550 1173 1618 1216 su-

268 1235 451 1297 periore
494 1234 690 1281 totidem
734 1233 834 1278 sunt
876 1233 1046 1279 alveoli
1088 1244 1197 1295 quot
1243 1235 1341 1280 sunt
1375 1234 1536 1281 dentes
1571 1235 1618 1282 in

270 1299 496 1348 inferiore
523 1333 537 1354 ,
580 1300 634 1343 ad
678 1296 783 1343 istos
824 1297 985 1343 dentes
1016 1298 1313 1356 excipiendos
1344 1300 1615 1359 comparati.
1688 1352 1693 1353 ⁷

271 1366 411 1411 Oculi
438 1366 537 1410 sunt
558 1361 812 1423 perexigui.
858 1362 1018 1406 Parum
1043 1363 1170 1422 supra
1196 1362 1388 1409 rostrum
1413 1364 1619 1411 medium

270 1429 416 1475 fistula
438 1427 501 1473 est
520 1461 534 1482 ‚
568 1441 650 1486 per
676 1441 809 1486 quarn
831 1440 991 1486 aquam
1025 1425 1069 1471 in
1105 1426 1247 1472 altum
1275 1427 1417 1487 ejicit.
1485 1430 1619 1475 Binas

273 1495 412 1540 habet
445 1494 605 1550 pinnas
649 1490 853 1535 laterales
889 1488 1133 1551 (utrinque
1167 1491 1334 1552 unam)
1367 1506 1399 1547 4
1434 1491 1619 1539 circiter

269 1559 411 1617 pedes
439 1557 621 1615 longas,
659 1552 706 1599 ἃ
736 1565 900 1612 praeter
924 1551 1054 1610 istas,
1090 1555 1272 1601 tertiam
1295 1555 1339 1600 in
1363 1556 1492 1602 dorso
1515 1557 1619 1602 satis

270 1624 488 1682 longam,
533 1618 582 1664 ἃ
610 1620 656 1664 in
694 1631 877 1663 acutum
913 1616 1232 1665 desinentem:
1284 1620 1439 1681 (unde
1475 1622 1619 1682 Spina&

269 1684 482 1746 nomen).
551 1682 676 1729 Cutis
694 1681 757 1727 est
783 1681 1036 1737 laeviffima,
1071 1681 1120 1729 ἃ
1140 1697 1197 1729 ex
1222 1683 1349 1729 fusco
1368 1684 1614 1745 nigricans.

266 1752 379 1798 Mas
407 1762 573 1809 penem
609 1748 749 1792 habet
771 1751 800 1792 6
826 1746 966 1805 pedes
998 1747 1215 1808 longum,
1262 1746 1310 1794 <Sc
1346 1763 1405 1794 20
1430 1749 1619 1798 circiter

267 1816 414 1877 pedes
437 1829 462 1860 a
488 1811 762 1858 mandibulis
791 1810 1057 1857 distantem:
1096 1828 1121 1858 a
1159 1826 1276 1872 pene
1311 1814 1368 1858 ad
1398 1814 1617 1874 podicem

272 1881 410 1926 trium
447 1878 546 1938 plus
584 1877 734 1922 minus
759 1874 923 1936 pedum
951 1874 1161 1922 distantia
1196 1874 1282 1923 est:
1319 1892 1343 1923 a
1367 1877 1530 1938 podice
1559 1879 1617 1929 ad

274 1943 470 1991 caudam
510 1940 722 1988 distantia
762 1954 817 1995 14
855 1938 1048 1999 pedum:
1085 1940 1242 1989 caudae
1274 1957 1480 1993 extrema
1513 1959 1538 1994 a
1570 1946 1617 1995 se,

271 2007 476 2056 invicem
508 2020 537 2064 9
566 2005 709 2069 pedes
737 2003 918 2053 distant.

333 2177 378 2224 7.
415 2163 569 2209 CETUS
606 2174 847 2208 DENTIBUS*
881 2174 935 2208 IN
967 2175 1157 2209 PLANUM
1194 2177 1559 2211 mzstENTIBUS.

273 2282 414 2332 Cetus
436 2281 672 2340 tripinnis,
706 2279 922 2337 dentibus
944 2281 986 2326 in
1009 2280 1192 2339 planum
1216 2281 1561 2329 desinentibus..
1577 2318 1586 2330 .
1602 2319 1614 2331 α

335 2347 409 2394 LE..
441 2347 694 2391 CACHALOT
728 2360 755 2393 Δ
794 2358 946 2393 ΒΕΝΤε
978 2359 1200 2392 PLATTES.

271 2473 434 2520 Balaena
463 2470 781 2522 macrocephala
810 2473 1022 2524 tripinnis.
1055 2483 1145 2524 quae
1174 2471 1214 2512 in
1243 2472 1477 2516 mandibula
1509 2472 1613 2516 infe-

324 2540 431 2573 nore
466 2527 613 2566 dentes
646 2526 771 2565 habet
801 2530 933 2567 minus
959 2527 1161 2576 inflexos,
1194 2527 1231 2568 &
1256 2529 1294 2568 in
1321 2529 1488 2578 planum
1509 2528 1613 2571 defi-

319 2593 484 2630 ρετ-πρε,
516 2579 616 2639 Raj.
648 2579 743 2638 Syn.
773 2579 879 2636 Pisc.
903 2591 944 2636 p.
984 2586 1049 2626 16.
1079 2595 1121 2637 5.
1152 2581 1325 2627 Sibbald.
1357 2583 1454 2639 Obsssn
1476 2589 1613 2695 ρΡὲξ
