1696 2988
262 132 808 208 QUADRUPEDA.
843 135 954 183 Ordo
970 135 1055 183 111.
1077 134 1302 190 Genmv.
1402 149 1469 207 29

174 261 215 298 6.
249 268 290 309 g.
317 266 382 306 24.
420 253 478 309 sp.
509 267 545 296 1.
586 253 721 296 Klein.
754 250 914 315 Quadr.
949 260 992 307 p.
1015 255 1085 306 36.
1131 252 1275 296 Aldro.
1305 252 1464 311 ρμαᾱτ.

164 310 285 364 solid.
315 318 354 365 p.
376 317 472 360 418.
502 309 591 365 Fz‘g.
616 319 658 363 p.
680 314 775 361 465.
810 307 925 362 (Fig.
956 309 1100 361 mala).
1150 309 1274 351 Gesn.
1308 310 1467 366 Quadr,

174 374 218 420 p.
238 378 335 419 409.
365 365 453 420 Fig.
480 373 521 418 p.
541 376 640 418 410.
674 364 788 420 (Fig.
815 363 959 416 mala).
1013 362 1137 405 Gesn.
1169 364 1276 407 Icon.
1306 365 1464 425 Quadr.

176 420 269 476 Fig.
295 430 335 475 p.
358 426 424 461 61.
454 419 569 473 (Fig.
594 419 738 474 mala).
785 417 920 473 Jonfi.
946 416 1104 476 Quadr.
1132 427 1173 473 p.
1202 432 1268 474 17.
1298 421 1388 475 Fig.
1419 420 1469 464 Τ.

180 488 218 529 7.
246 482 282 521 8.
314 488 352 523 9.
384 473 491 529 (Fig.
521 476 672 527 bonis).
714 474 809 526 Eas.
841 472 1044 515 Nieremb.
1080 483 1122 527 p.
1150 484 1242 523 191.
1295 476 1472 519 Charlec.

181 533 328 628 aaz·
354 538 401 626 a
416 542 458 583 4·
483 583 522 624 T
759 527 1122 637 {frear-3222
1136 532 1223 635 520²·

178 600 314 684 Kfflbe.
348 598 452 681 Toigri.
475 615 551 681 II'I.
577 648 619 693 p.
642 616 678 687 9.
710 615 865 695 &gg-'pv
890 597 1160 691 rogHinsde
1184 600 1354 685 l'Acadt.³
1366 607 1472 685 fam]

181 696 263 738 III.
291 695 411 737 Part.
439 709 480 750 3.
506 704 547 748 p.
576 707 670 737 101.
701 694 788 751 Fig.
822 692 868 736 T.
903 706 964 741 19.
998 694 1097 749 (Fig
1140 698 1300 752 bonne).
1392 698 1477 740 Les

182 752 310 793 Grecs
331 750 554 804 l'appellent
575 760 727 794 Ελεφας.
821 749 901 791 Les
923 749 1102 801 Arabes,
1136 750 1368 795 CENALFA.
1397 752 1475 795 Al-

181 809 264 848 dro.
359 805 437 847 Les
450 804 709 858 Ethiopians,
735 804 945 847 YTEMao.
980 805 1121 848 Aldro.
1215 808 1290 849 Les
1305 809 1473 861 Sabim,

182 862 375 904 BARRUS.
410 860 533 901 Gesn.
557 859 697 900 Aldro.
788 858 868 900 Les
899 859 1124 911 Illyriens,
1166 862 1290 905 SroN.
1333 863 1480 905 Acria-0.

186 917 310 959 Gesn.
402 915 483 957 Les
516 913 736 969 Espagnols
757 943 770 962 ‚
811 913 1109 956 ELEPHANTE.
1141 917 1263 958 Gesn.
1297 917 1475 960 Alclrov.

181 972 262 1015 Les
284 970 479 1020 Italiam,
512 969 810 1011 LEOPHANTE.
841 968 966 1010 Gesn.
994 968 1169 1013 Aldrov.
1261 971 1341 1012 Les
1362 972 1478 1015 Alle-

186 1029 324 1068 mands
345 1056 357 1076 ,
399 1024 675 1067 HELPHANT.
719 1023 841 1064 Gesn.
872 1022 1014 1065 Aldro.
1115 1025 1194 1066 Les
1224 1025 1438 1069 Flamands
1457 1059 1476 1080 ,

187 1081 457 1124 ELEPHANT.
488 1079 659 1121 Aldrov.
752 1076 836 1119 Les
855 1076 1052 1133 Anglois,
1073 1077 1341 1123 ELEPHANT.
1370 1083 1477 1138 Raj.

197 1226 396 1288 Elephas
437 1226 793 1288 magnitudine,
838 1226 895 1273 ab
939 1224 1035 1274 aliis
1068 1227 1477 1295 QUADRUPEDOEUS

134 1294 238 1341 satis
269 1294 450 1340 abunde
477 1291 786 1354 distinguitur.
822 1291 1046 1338 Omnium
1076 1294 1199 1341 enirn
1226 1297 1479 1344 maximum

133 1359 225 1415 est3
261 1374 314 1405 12
345 1358 512 1418 pedum
542 1356 833 1403 altitudinem
864 1357 1082 1418 attingit3
1116 1358 1231 1407 illius
1254 1375 1368 1407 vero
1394 1376 1478 1408 no-

136 1436 196 1471 tae
215 1422 589 1470 charaEteristicae
615 1423 641 1468 a
665 1422 1053 1482 quibuscumque,
1089 1436 1183 1469 non
1202 1424 1355 1485 specie
1377 1438 1478 1473 tan-

133 1500 230 1535 tum
255 1523 267 1543 ‚
304 1488 378 1534 sed
409 1486 456 1533 ἃ
479 1502 651 1547 genere
676 1486 866 1533 differre
888 1485 1210 1535 demonstrant.
1247 1490 1480 1539 Dentibus
1537 1485 1540 1489 ’

134 1552 405 1601 incisoribus
436 1555 625 1598 omnino
660 1563 786 1598 caret
809 1587 821 1608 ‚
870 1550 944 1598 sed
972 1553 1167 1598 maxillae
1195 1554 1414 1614 superiori
1448 1570 1477 1602 2

137 1618 237 1664 sunt
267 1616 428 1661 dentes
465 1616 643 1673 canni,
678 1630 705 1673 5
737 1616 811 1660 vel
846 1630 907 1673 5-;
945 1615 1086 1677 pedes
1112 1618 1343 1665 interdurn
1377 1620 1480 1668 lon-

136 1683 184 1742 gi
205 1716 218 1737 ,
253 1679 418 1727 sursum
445 1683 650 1727 recurvi:
686 1680 835 1740 plures
869 1680 913 1725 in
943 1694 1132 1742 utraque
1166 1683 1349 1730 maxilla
1377 1699 1482 1731 mo·-
1536 1726 1539 1729 Α

136 1748 264 1793 lares.
302 1749 423 1792 lnter
446 1745 556 1791 duos
578 1745 738 1791 dentes
761 1745 923 1804 longos
948 1746 1134 1792 caninos
1157 1746 1220 1793 est
1243 1749 1479 1810 proboscis

135 1811 286 1858 adhuc
316 1810 521 1871 longior,
552 1807 792 1865 flexibilis,
828 1824 944 1869 qua,
979 1811 1103 1856 velut
1137 1826 1270 1858 manu
1290 1849 1302 1869 ,
1337 1816 1479 1861 utitur

138 1875 193 1922 ad
232 1877 355 1921 cibos
383 1874 689 1936 colligendos,
725 1872 774 1919 δε
799 1874 866 1920 ori
888 1873 1215 1922 admovendos.
1285 1879 1482 1927 Probos·

140 1941 206 1987 cis
241 1941 314 1986 illa
344 1940 453 1985 nihil
479 1939 600 1985 aliud
631 1938 696 1984 est
731 1953 864 1999 quam
892 1940 1019 1985 nasus
1050 1939 1324 2000 produfftus:
1360 1945 1479 1991 auri-

140 2006 253 2052 culae
294 2002 598 2065 amplisfimae,
633 2003 930 2050 circumcirca
966 2003 1201 2062 dentatae,
1236 2007 1476 2066 pendulae:

138 2085 269 2117 crura
289 2105 300 2124 ,
338 2068 564 2131 pedesque
592 2066 717 2114 craffi
748 2065 797 2114 ὃς
825 2067 956 2115 rudes
979 2105 992 2126 ‚
1025 2072 1248 2131 ungulacos
1276 2072 1396 2120 inter
1426 2073 1480 2121 ὃς

138 2136 346 2196 digitacos
375 2132 576 2180 anomali
600 2129 689 2179 effe
711 2131 946 2179 videntur:
983 2135 1123 2195 pedes
1151 2136 1274 2182 enim
1302 2152 1331 2194 5
1361 2137 1482 2200 digi-

140 2200 201 2247 tis
228 2199 485 2255 donantur,
519 2212 710 2259 quorum
744 2196 992 2258 phalanges
1025 2214 1184 2247 omnes
1213 2200 1480 2250 diffefflone

139 2264 418 2326 deteguntur
438 2298 451 2318 ,
485 2277 586 2324 quae
613 2277 726 2308 vero
749 2261 879 2308 aliter
905 2277 996 2308 non
1020 2279 1268 2324 apparent,
1304 2282 1409 2314 cum
1428 2268 1481 2315 in

139 2344 277 2376 carne
305 2327 493 2389 fungosa
514 2363 526 2382 ,
561 2325 806 2373 substantia
832 2325 953 2389 quasi
976 2342 1144 2376 cornea
1164 2331 1352 2377 omnino
1386 2344 1482 2379 tec-

141 2405 216 2450 ta,
251 2392 572 2439 contineantur
598 2406 610 2437 1
653 2391 849 2437 ambitus
891 2391 1014 2438 enim
1046 2394 1214 2455 pedum
1241 2410 1269 2453 5
1301 2398 1479 2458 ungulis

140 2456 308 2504 obtusis
328 2491 342 2514 ,
377 2457 495 2503 inter
522 2455 567 2503 se
597 2456 818 2503 connexis
848 2468 955 2503 cute
976 2456 1042 2503 ita
1066 2457 1274 2506 indurata
1295 2498 1306 2517 ‚
1342 2473 1390 2507 ut
1420 2460 1478 2506 ad

143 2520 398 2568 substantiae
434 2535 618 2568 corneae
656 2534 858 2568 naturam
897 2520 1127 2581 accedat,
1172 2526 1475 2571 terminatur:

143 2585 307 2644 plantae
341 2585 509 2643 pedum
538 2597 644 2633 cute
680 2585 851 2647 pariter
876 2585 1085 2633 indurata
1108 2620 1122 2643 ‚
1154 2585 1204 2634 δε
1233 2586 1353 2649 quasi
1379 2603 1478 2633 cor-

142 2662 229 2696 nea
264 2660 490 2710 teguntur.
557 2649 683 2700 Cutis
715 2649 788 2699 illa
808 2665 914 2699 cum
939 2651 1168 2715 unguibus
1192 2652 1292 2714 ipsis
1311 2653 1375 2699 ita
1383 2667 1477 2763 hco-

1418 2731 1475 2763 ae-
