1696 2988
273 125 665 176 REGNUM
733 122 1173 172 ANIMALE.

1377 144 1403 188 5

48 243 233 294 extendi
262 241 444 306 potest:
480 256 671 304 quaeque
701 255 789 288 nec
816 252 1032 288 antennas
1068 240 1241 287 habent
1261 275 1273 296 ,
1310 256 1395 290 nec

41 311 192 372 pedes,
228 307 557 372 necstigmata.
601 306 754 369 Hujus
776 305 916 354 clasfis
936 306 1169 354 Animalia
1190 305 1392 353 szmzs

46 375 273 423 dicuntur.

143 503 199 568 C
226 501 293 567 L
320 504 400 568 A
425 503 474 569 S
507 503 556 568 S
587 503 631 567 I
660 500 735 566 U
755 500 854 566 M
932 500 1296 569 charafferes.

364 607 930 663 CLASSIS
1026 611 1064 665 Ι.

266 693 1140 760 QUADRUPEDA.

48 790 233 838 Horum
257 790 494 838 charafiter
515 791 581 838 est

47 856 224 916 Corpus
247 855 438 916 pilosum
454 892 466 913 ,
502 856 663 903 saltem
687 856 735 904 in
760 857 910 918 aliqua
932 858 998 905 sui
1026 873 1182 920 parte:

48 920 108 967 Et
133 921 275 984 pedes
300 934 510 983 quatuor.

348 1026 923 1081 CLASSIS
1015 1030 1085 1082 ΙΙ.

482 1113 956 1164 CETACEA.

45 1211 228 1257 Horum
255 1205 487 1254 charaffer
511 1204 578 1252 est

46 1276 220 1334 Corpus
245 1271 416 1319 nudum
442 1269 492 1318 ἅ
519 1271 810 1334 elongatum:

48 1340 203 1385 Pinnae
229 1336 453 1384 carnosae:

45 1404 199 1451 Cauda
222 1401 573 1450 horizontaliter
599 1401 751 1464 plana.

336 1507 907 1565 CLASSIS
996 1509 1107 1565 111.

591 1604 856 1651 AVES.

49 1701 226 1748 Harum
252 1695 485 1744 charmiter
514 1696 580 1743 est

51 1766 226 1823 Corpus
250 1763 416 1823 plumis
445 1759 642 1808 tectum:

49 1828 267 1877 Rostrum
295 1840 541 1875 corneum:

47 1895 148 1940 Alae
175 1893 298 1940 duae:
580 1910 583 1912 ·

48 1959 192 2006 Pedes
220 1956 327 2005 duo.

341 2061 915 2117 CLASSIS
1005 2065 1109 2120 IV.

453 2151 991 2201 REPTILIA.

56 2249 236 2295 Horum
268 2247 513 2297 charaster·
529 2248 594 2297 est

53 2314 146 2360 Vel
171 2329 338 2374 eorpus
365 2314 559 2362 nudum:

55 2377 115 2423 Et
140 2378 283 2439 pedes
309 2391 529 2440 quatuor;

54 2441 146 2487 Vel
174 2459 338 2503 corpus
365 2445 670 2505 squamosum:

54 2505 116 2551 Et
141 2507 277 2565 pedes
304 2508 376 2554 vel
405 2523 623 2571 quatuor,
661 2510 735 2557 vel
757 2509 896 2566 nulli,-

54 2569 114 2617 Et
139 2572 427 2634 pulmonibus
454 2575 639 2638 spitare.
997 2577 999 2579 ’

1198 2639 1403 2686 CLAS-
