1696 2988
170 177 255 238 158
381 172 783 225 REGNUM
843 172 1278 226 ANIMALE.

164 293 368 357 corporis
391 290 642 350 inferiore,
675 307 704 350 4
729 307 908 340 crurum
936 293 1185 352 interiore,
1220 293 1270 343 δε
1298 295 1517 357 posteriue

165 361 289 407 rib'us
311 357 532 421 pedibus,
561 359 687 406 albis.
727 358 880 405 Cauda
904 360 1084 406 annulis
1118 362 1383 409 alternatim
1405 364 1519 410 albis

162 425 211 473 ἃ
243 424 383 487 nigris
415 423 633 484 cingitur.
702 424 901 472 Habitat
944 426 989 473 in
1025 425 1380 489 Madagascaria,
1447 428 1518 475 Ex

163 490 320 538 museo
344 487 664 536 Realmuriano.

508 617 952 674 SECTIO
1069 619 1168 673 ΙΙ.

194 729 262 777 Εα
288 744 457 792 quorum
497 729 628 790 digiti-
654 729 805 790 pedum
839 731 1098 774 anteriorum
1133 729 1408 789 membrana,
1443 734 1489 778 in

391 805 486 851 alas
507 803 722 864 expansa,
757 805 870 850 inter
879 802 931 866 se
957 807 1273 853 connec‘Zuntur.

227 909 434 954 Unicum
467 908 512 952 in
536 906 624 952 hac
646 907 863 956 Seffione
887 911 1154 959 continetur
1185 912 1371 973 Genus,
1407 914 1522 964 scilia

167 986 243 1020 cet
276 970 613 1033 Vqspertilzonis.

434 1087 478 1134 X
490 1086 532 1132 X
543 1089 585 1135 X
598 1090 618 1135 1
633 1090 668 1136 Ι.
709 1089 850 1136 Genus
883 1087 1243 1153 Verspertilionis.

171 1195 325 1258 Hujus
361 1193 595 1242 charaGter
628 1193 694 1242 est

170 1262 352 1308 Dentes
373 1260 591 1308 incisores
621 1262 667 1307 in
691 1259 873 1307 maxilla
891 1260 1124 1322 superiore
1152 1265 1433 1324 quatuor,in
1455 1266 1524 1314 in·

232 1324 401 1372 feriore
428 1327 519 1372 sex.

171 1390 328 1452 Digiti
364 1387 675 1451 unguiculati‚

173 1456 226 1500 ln
261 1454 567 1500 anterioribus
600 1452 792 1514 pedibus
823 1453 1122 1511 membrana,
1166 1454 1213 1502 in
1237 1455 1326 1503 alas
1351 1473 1524 1518 expan-

234 1517 308 1575 sa,
341 1519 461 1565 inter
481 1519 524 1566 se
546 1518 770 1576 connexi,
788 1517 835 1565 in
858 1516 1186 1579 posterioribus
1205 1535 1231 1566 a
1250 1522 1294 1567 se
1316 1522 1525 1571 invicem

236 1583 448 1644 separati.

223 1688 301 1739 Οὐ]-
325 1699 359 1727 1.
385 1689 564 1728 Omnium
589 1688 697 1734 hujus
727 1688 886 1726 Generis
909 1687 1109 1735 specierum
1136 1688 1266 1727 dentes
1287 1691 1463 1730 incisores
1489 1694 1524 1732 in

173 1740 320 1777 maxilla
358 1740 542 1789 superiore
573 1739 652 1777 sunt
680 1741 807 1782 acuti,
852 1736 886 1775 ἅ
907 1749 972 1786 per
999 1739 1098 1785 paria
1126 1742 1281 1781 remoti3
1310 1743 1524 1781 intermedii

174 1791 422 1829 exterioribus
442 1791 602 1836 rnaJ'ores
626 1789 704 1826 sunt
724 1788 758 1826 ὅ(
785 1789 938 1827 bifurci:
976 1788 1011 1825 in
1034 1788 1180 1826 maxilla
1207 1787 1386 1829 inferiore
1408 1796 1525 1831 conti*

173 1841 262 1887 gui,
301 1840 334 1878 &
362 1853 494 1879 omnes
525 1840 756 1889 emarginati.
807 1839 990 1878 Dentium
1019 1841 1235 1878 caninorum
1266 1840 1300 1878 &
1329 1843 1525 1883 molarium

176 1892 292 1927 variat
310 1903 497 1929 numerus.

222 1939 301 1990 Obs.
333 1952 367 1979 2.
395 1942 508 1979 Crura
527 1941 664 1979 habent
683 1941 868 1979 anteriora
896 1939 1100 1989 longiffima
1117 1968 1129 1986 ‚
1155 1951 1313 1987 quorum
1334 1943 1448 1991 pedes
1474 1945 1527 1984 di-

174 1991 354 2033 viduntur,
377 1991 414 2028 in
436 1992 569 2039 digitos
592 1993 723 2039 longos
741 2018 753 2039 ‚
779 2002 910 2029 omnes
939 1991 1130 2038 (excepto
1149 1991 1286 2036 pollice
1305 1995 1351 2030 ab
1374 1996 1454 2032 aliis
1477 1997 1528 2035 se-

173 2051 326 2088 parato,
365 2042 598 2088 incurvoque
631 2042 665 2079 &
691 2043 818 2079 valido
848 2052 970 2089 ungue
995 2041 1164 2089 munito)
1197 2046 1410 2082 membrana
1431 2047 1526 2085 inter

175 2091 210 2127 se
239 2102 434 2129 connexos
456 2103 465 2132 ;
506 2103 586 2140 quae
611 2094 823 2130 membrana
856 2093 949 2129 nihil
979 2092 1078 2130 aliud
1106 2091 1157 2129 est
1184 2104 1294 2140 quam
1313 2094 1408 2133 dorfi
1428 2097 1522 2135 cutis

175 2143 412 2187 continuata,
441 2142 476 2179 in
498 2152 657 2188 utroque
675 2142 808 2187 latere,
837 2153 857 2179 a
876 2142 979 2179 collo
1000 2142 1044 2180 ad
1062 2153 1169 2179 anum
1191 2154 1328 2192 usque,
1358 2155 1419 2184 aut
1440 2159 1526 2184 cau·

176 2191 232 2229 daz
255 2194 547 2237 extremitatem,
584 2192 619 2229 δι
648 2193 844 2231 secundum
874 2203 1019 2230 crurum
1045 2192 1338 2241 longitudinem,
1366 2197 1410 2234 ad
1432 2198 1523 2244 digi-

177 2252 299 2279 torum
328 2244 466 2290 pedum
495 2243 724 2280 anteriorum
753 2245 894 2292 apicem
924 2243 1094 2287 extensa,
1135 2243 1235 2288 cujus
1256 2256 1330 2292 ope
1350 2246 1521 2284 volitant.

174 2291 317 2331 Pedum
348 2293 593 2338 posteriorum
623 2289 728 2339 digiti
760 2294 838 2333 sunt
865 2305 885 2330 a
907 2293 1122 2336 seinvicem
1144 2294 1317 2342 separati,
1345 2296 1528 2334 incurvis-

176 2353 250 2390 que
269 2341 301 2378 δι’.
321 2342 528 2380 acutiffimis
551 2345 733 2390 unguibus
757 2345 901 2382 muniti.

227 2391 306 2440 Obs.
335 2403 370 2438 3.
395 2393 507 2429 Locis
527 2393 688 2430 obscuris
710 2393 746 2429 &-
763 2394 931 2431 cavernis
952 2393 1192 2431 subterraneis
1210 2426 1220 2440 ,
1256 2395 1314 2432 vel
1343 2398 1441 2434 cavis
1471 2408 1526 2435 ar-

176 2445 330 2481 boribus
363 2453 428 2489 per
453 2443 610 2479 aestatem
641 2443 800 2481 interdiu
819 2471 832 2490 ‚
867 2443 901 2481 ἂ
929 2455 994 2492 per
1018 2453 1132 2482 totam
1154 2446 1325 2495 hyemem
1350 2447 1524 2492 latinum

176 2493 391 2543 crepusculo
419 2501 560 2530 tantum
586 2493 752 2530 evolant.

410 2594 470 2621 ³¹³*
522 2609 563 2640 1.
608 2593 1038 2643 Vesrnnntro
1084 2610 1286 2657 MAJon.

180 2695 466 2759 vespertilio
487 2694 651 2747 murini
677 2694 840 2744 coloris
858 2732 872 2757 ‚
906 2696 1103 2759 pedibus
1130 2700 1341 2748 omnibus
1363 2709 1526 2808 gerga-

1399 2779 1421 2810 a
1475 2780 1520 2810 Vr
