1696 2988
194 120 666 193 QUADRUPEDA.
703 120 817 169 Ordo
830 119 957 167 XIII.
986 120 1129 168 Genus
1143 121 1314 171 XXIX.
1386 142 1474 191 153

183 241 339 288 Canem
362 238 583 301 Moloſj'mn
605 235 925 301 magnitudirie
961 237 1146 283 circiter
1181 250 1344 298 aequat.
1412 244 1471 289 Ε-

113 305 299 370 jusdem
344 303 442 351 fere
493 303 656 349 formae
705 301 770 350 est
831 302 960 361 cujus
1017 303 1332 364 Cercopithecus
1378 308 1475 352 vul-

119 371 290 431 garis3
350 380 396 415 at
431 368 612 414 craffior
649 365 699 414 δε
744 367 937 414 validior
979 367 1059 414 est.
1155 369 1240 414 Per
1289 368 1472 417 univer-

120 437 216 482 sum
246 447 410 494 corpus
433 431 623 477 vestitur
644 432 749 492 pilis
769 447 828 478 ex
856 430 1042 479 cinereo
1073 432 1268 487 albidis,
1302 433 1346 479 in
1373 451 1474 496 par·

120 512 170 546 te
189 496 395 559 corporis
421 497 651 543 anteriore
682 496 947 559 longiffitnis
965 533 976 552 ,
1011 498 1056 543 in
1082 499 1257 559 reliquo
1279 510 1474 559 corpore

121 561 425 612 brevioribus
491 561 667 608 Nasum
699 562 842 608 habet
883 561 1216 619 craffiffimurn,
1267 563 1368 623 pilis
1392 580 1473 611 nu-

119 629 257 682 dum,
292 625 687 687 longitudinaliter
716 626 948 686 striaturn‚
983 626 1032 675 ἃ
1065 627 1262 676 violacei
1292 630 1472 678 coloris.

117 693 317 740 Habitat
344 691 392 738 in
415 688 518 750 Afia
545 689 594 738 &
614 689 785 754 Africa.

461 819 910 876 SECTIO
1023 822 1120 874 II.

154 932 224 980 Ea
246 947 412 994 quorum
444 931 573 992 digiti
600 932 748 993 pedum
783 934 1040 976 anteriorum
1070 933 1347 991 membrana,
1398 937 1442 981 in

346 1007 437 1052 alas
462 1004 649 1066 expansa
670 1041 682 1061 ,
718 1003 892 1065 interse
915 1007 1226 1051 connefflmtur.

183 1112 338 1159 Unico
364 1110 546 1158 Genere
568 1145 584 1167 ,
621 1108 797 1157 scilicet
821 1111 1020 1172 Ptin-opi,
1058 1095 1350 1159 constituitur
1372 1112 1471 1160 haec

119 1176 293 1224 Seffio.

490 1239 658 1288 XXX.
704 1241 845 1287 Genus
893 1239 1080 1301 Pteropi.

115 1347 269 1409 Hujus
304 1346 539 1394 charaeter
572 1345 636 1393 est

115 1414 296 1461 Dentes
320 1413 538 1460 incisores
560 1411 602 1458 in
628 1422 819 1474 utraque
845 1409 1031 1456 maxilla
1055 1423 1250 1472 quatuor

116 1478 271 1539 Digiti
307 1477 587 1537 unguiculati
608 1510 624 1533 ,

112 1544 165 1590 ln
191 1542 498 1590 anterioribus
522 1541 712 1600 pedibus
737 1540 1000 1586 membrana
1018 1575 1032 1597 ,
1068 1540 1112 1585 in
1139 1541 1229 1588 alas
1253 1544 1471 1604 expansa,

180 1609 301 1654 inter
323 1606 367 1653 se
390 1606 613 1662 connexi,
647 1605 693 1651 in
717 1604 1040 1666 posterioribus
1068 1620 1093 1650 a
1121 1605 1163 1651 se
1186 1608 1389 1655 invicem
1407 1609 1472 1657 se-

175 1685 340 1733 parati.

164 1775 245 1827 Obs-
274 1788 306 1814 1.
344 1777 471 1815 Primo
502 1776 681 1825 impetitu,
710 1775 871 1823 Pteropus
891 1775 935 1811 ad
958 1773 1207 1824 Vespertilionis
1226 1778 1355 1815 Genus
1389 1791 1471 1828 per·

108 1829 230 1865 tinere
251 1827 419 1865 videtur:
448 1827 535 1865 ficut
557 1829 619 1864 ille.
635 1857 644 1871 ‚
678 1826 790 1875 pedes
822 1827 932 1863 habet
952 1829 1156 1865 anteriores
1179 1829 1214 1864 in
1235 1829 1307 1864 alas
1330 1841 1468 1878 expan-

110 1878 189 1916 sos:
219 1878 263 1914 ab
296 1890 343 1915 eo
375 1887 497 1915 tamen
528 1877 653 1915 differt
682 1878 847 1914 dentium
876 1876 1068 1914 incisorum
1091 1889 1249 1915 numero
1277 1879 1309 1915 δε
1332 1881 1470 1929 figura,

109 1927 146 1966 ἃ
173 1927 292 1964 rostro
317 1929 435 1966 multo
460 1927 696 1974 produstiore
718 1938 826 1974 quam
848 1926 1095 1975 Vespertilz'onis
1118 1928 1283 1965 rostrum.

163 1977 241 2027 Obs.
270 1988 303 2016 2.
332 1979 474 2016 Omnes
508 1979 615 2024 hujus
651 1979 810 2015 Generis
840 1977 978 2024 species
1018 1979 1265 2016 anterioribus
1300 1981 1468 2019 cruribus

110 2028 297 2066 donantur
326 2027 542 2077 longiffimis
564 2059 573 2074 ,
617 2039 776 2076 quorum
809 2028 922 2076 pedes
955 2028 1171 2066 dividuntur
1206 2029 1241 2066 in
1274 2040 1292 2076 5
1329 2032 1466 2077 digitos

108 2079 269 2127 longm,
297 2090 427 2116 ornnes
453 2080 645 2128 (excepto
666 2078 803 2127 pollice
833 2080 879 2115 ab
910 2079 988 2116 aliis
1014 2078 1204 2127 separato,
1234 2082 1467 2128 incurvoque

105 2128 141 2166 &
171 2130 296 2166 valido
326 2140 449 2177 ungue
474 2128 650 2175 munito)
685 2130 898 2166 membrana
930 2131 1029 2167 inter
1056 2129 1091 2166 se
1123 2140 1347 2171 connexos;
1385 2142 1466 2177 quae

105 2181 321 2218 membrana
340 2179 432 2217 nihil
453 2180 552 2217 aliud
584 2182 635 2218 est
655 2191 765 2228 quam
791 2179 887 2216 dorsi
913 2181 1007 2217 cutis
1030 2181 1268 2224 continuata,
1299 2182 1333 2216 in
1362 2191 1465 2218 utro-

107 2240 182 2277 que
207 2231 345 2276 latere,
372 2242 390 2266 a
412 2231 515 2266 collo
543 2230 589 2268 ad
622 2241 730 2270 anum
751 2241 889 2279 usque,
919 2229 952 2267 ὅτ.
981 2230 1178 2267 secundum
1210 2242 1354 2268 crurum
1386 2232 1465 2268 lon-

108 2279 312 2326 gitudinem
332 2309 341 2325 ‚
380 2280 425 2316 ad
464 2280 665 2329 digitorum
694 2280 827 2329 pedum
864 2281 1093 2318 anteriorum
1122 2282 1263 2328 apicem
1296 2282 1463 2323 extensu

109 2328 210 2373 cujus
230 2341 303 2378 ope
327 2330 500 2368 volitant.
551 2332 670 2369 Pedes
698 2331 828 2379 postici
856 2331 889 2368 in
922 2342 940 2378 5
968 2331 1107 2380 digitos
1135 2331 1300 2370 incurvis
1319 2330 1354 2369 &
1383 2342 1465 2370 acu-

110 2378 246 2419 tiffimis
267 2381 450 2429 unguibus
472 2384 634 2421 munitos
660 2382 743 2420 sunt
766 2381 883 2421 divisi.

423 2482 487 2509 *²*
554 2499 596 2531 1.
670 2484 1157 2535 PTERoi‘us,

108 2579 333 2640 Pteropus
353 2581 479 2630 rufus
500 2594 580 2632 aut
600 2585 757 2647 niger,
791 2585 1003 2634 auriculis
1025 2585 1246 2635 brevibus
1267 2583 1464 2631 acutius-

167 2644 296 2697 culis.
322 2679 334 2694 .
357 2680 369 2693 .
393 2677 405 2692 .
438 2648 511 2700 LA
539 2649 843 2702 Rousszrrn.

837 2712 876 2758 K
904 2723 931 2767 5
1285 2708 1463 2764 Vesper·
