1696 2988
297 106 690 160 REGNUM
759 104 1201 161 AN1MALE‚
1401 132 1427 180 3

142 224 384 278 Dividitur
407 244 515 284 ergo
538 227 733 290 Regnum
757 230 942 275 animale
965 229 1012 276 in
1038 229 1193 277 classes
1214 244 1400 278 novem.

141 298 192 343 ln
213 298 356 357 prima
377 293 509 341 claffe
531 295 827 340 continentur
851 295 1105 352 Animalia,
1138 310 1237 356 quae
1259 306 1423 353 corpus?

80 356 256 408 habent
280 359 480 421 pilosum,
518 359 672 404 saltem
697 361 743 405 in
771 360 920 420 aliqua
947 361 1010 406 sni
1041 373 1196 419 parte:
1233 359 1278 406 Sa
1300 362 1423 420 pedes

77 439 266 488 quatuor.
306 426 475 470 Omnia
497 422 603 478 ista,
629 422 827 484 utsupra
850 427 1035 478 notavi,
1050 424 1424 487 suntfiznguineo:
1487 428 1490 432 '

74 492 343 554 pulmonibus
373 489 574 551 spirant:
605 489 759 535 duobus
788 491 991 564 gaudent
1021 491 1067 536 in
1089 492 1231 536 corde
1258 493 1422 536 ventri-

74 559 207 603 calls:
242 569 491 616 eorumque
522 553 725 600 foeminae
756 558 877 601 vivos
909 554 1044 601 foetus
1068 557 1284 616 pariunt,
1319 568 1420 602 eos

73 638 162 684 que
189 623 293 668 lacle
319 620 457 666 alunt
503 618 836 684 QUADRUPEDA
861 631 1086 667 vocantur

137 688 189 732 In
223 685 420 733 secunda
442 685 574 732 class'e
596 686 890 733 continentur
917 700 997 740 ea,
1032 701 1131 747 quae
1154 702 1318 747 corpus
1340 686 1420 733 ha-

73 754 186 800 bent
220 753 370 798 nudum
405 749 451 796 ἅ
484 751 746 811 elongatum:
780 754 936 813 pinnas
967 749 1190 814 carnosas:
1235 752 1282 798 ἃ
1310 768 1418 799 cau-

71 819 176 864 dam
197 818 522 863 boriz'ontalz'ter
538 817 723 876 planam.
762 817 933 862 Omnia
955 816 1064 874 ista,
1097 817 1209 876 ficut
1232 817 1279 864 ἃ
1307 832 1419 876 prae-

72 883 315 938 cedentia,
338 880 720 941 suntsunguineu:
743 883 1011 940 pulmonibus
1033 883 1230 943 spirant:
1265 884 1422 928 duobus

71 948 277 1009 gaudent
309 948 354 993 in
379 946 521 993 corde
549 947 823 991 ventriculis:
857 961 1107 1007 eorumque
1129 947 1330 996 foeminae
1353 950 1421 993 vi·

70 1028 143 1058 vos
171 1012 305 1058 foetus
324 1013 535 1071 pariunt,
572 1023 743 1070 eosque
770 1010 873 1053 lullo
898 1010 1038 1055 alunt.
1085 1012 1306 1060 CETACEA
1338 1027 1422 1059 no-

68 1080 318 1123 minantur.
387 1077 616 1134 Perpetuo
636 1074 681 1120 in
704 1073 819 1120 mari
839 1073 1030 1135 degunt.

132 1142 184 1186 In
215 1140 348 1187 tertia
376 1140 676 1187 cominentur
704 1153 786 1195 ea,
821 1154 920 1199 qnae
941 1155 1107 1200 corpus
1130 1141 1305 1188 habent
1326 1144 1419 1201 pb:-

69 1208 151 1252 mis
172 1204 367 1252 tefi‘tum:
399 1203 574 1263 rostrum
597 1219 812 1249 corneum:
835 1206 929 1249 alas
949 1206 1078 1251 duos:
1094 1203 1142 1251 ἃ
1160 1209 1285 1267 pedes
1303 1208 1417 1255 duos.

71 1271 243 1318 Omnia
273 1270 355 1317 ista
377 1271 477 1321 sunt
503 1269 772 1329 sanguinea:
804 1271 1069 1329 pulmonibus
1090 1270 1282 1331 spirant:
1317 1275 1417 1319 duos

68 1335 241 1382 habent
272 1335 318 1382 in
343 1335 483 1382 corde
501 1335 783 1380 ventriculos:
817 1350 1068 1398 eorumque
1089 1334 1290 1384 foeminae
1315 1338 1419 1385 sunt

45 1402 277 1461 ‘ovipuraes
315 1401 482 1448 Ava
507 1402 696 1446 nomine
716 1399 962 1447 donantur.

133 1468 184 1512 In
206 1478 368 1528 quarta
391 1467 691 1513 continentur
710 1480 763 1511 ea
778 1501 791 1521 ‚
809 1481 932 1527 quae,
959 1464 1031 1512 vel
1055 1465 1228 1513 habent
1249 1482 1416 1527 corpus

69 1531 223 1577 nudum
237 1567 248 1585 ,
267 1529 315 1576 δε
332 1533 457 1591 pedes
477 1542 676 1591 quatuor:
694 1530 768 1577 vel
789 1530 1253 1592 corpussqzmmosum,
1273 1531 1322 1580 <Sc
1344 1548 1415 1592 pe-

68 1599 139 1642 des
152 1596 225 1642 vel
246 1607 444 1656 quatuor,
461 1597 535 1640 vel
559 1598 716 1641 nullos:
737 1611 927 1657 quaeque
944 1598 1210 1657 pulmonibus
1227 1598 1414 1657 spirant.

68 1662 239 1708 Omnia
262 1660 344 1706 ista
366 1659 745 1721 suntsanguinoa:
779 1659 827 1706 ἃ
859 1664 978 1706 unico
1009 1661 1055 1707 in
1079 1664 1220 1708 corde
1251 1666 1417 1709 ventri-

61 1727 156 1778 culo
186 1724 430 1772 donantur.
498 1726 685 1771 Ηοιυιη
712 1724 914 1771 foeminae
941 1726 1148 1786 quaedam
1173 1728 1275 1774 sunt
1303 1730 1418 1773 vivi·

65 1800 210 1853 parae:
246 1790 347 1837 aliae
367 1791 468 1838 sunt
492 1793 690 1852 ovipaimae
759 1791 936 1837 Omnes
958 1803 1112 1837 tamen
1145 1807 1224 1838 ova
1257 1794 1415 1839 conei-

65 1858 201 1919 piunt
217 1889 234 1914 ,
267 1871 459 1917 quorum
482 1856 722 1903 incubatio
745 1854 798 1901 fit
829 1856 948 1902 intra
969 1871 1133 1917 empus
1156 1857 1200 1902 in
1219 1857 1414 1920 quibus-

68 1921 174 1968 dam
204 1921 427 1977 foeminis3
461 1936 561 1982 quae
599 1922 773 1969 idcirco
803 1923 924 1967 vivos
956 1920 1091 1967 foetus
1119 1922 1326 1983 pariunt:
1364 1924 1414 1969 in

69 1986 171 2032 aliis
193 2001 308 2032 vero
328 1985 524 2033 foeminis
547 1987 785 2034 incubatio
805 1985 857 2031 fit
878 1998 1007 2033 extra
1025 2002 1204 2047 eorpus
1239 1989 1413 2034 Omnia

66 2050 201 2113 hujus
222 2050 362 2098 claffis
379 2052 610 2101 Animalia
631 2061 783 2114 repunt
795 2067 813 2109 ,⁹
832 2054 1130 2113 quamobrem
1153 2066 1207 2099 ea
1230 2053 1412 2101 an-

65 2127 145 2164 LIA
168 2131 354 2163 vocam.

130 2183 184 2227 In
206 2182 366 2244 quinta
385 2182 682 2230 continentur
703 2197 756 2230 ea
777 2197 878 2244 quae
903 2185 1062 2245 pinnas
1084 2184 1257 2230 habent
1278 2184 1410 2229 carti-

68 2248 290 2309 lagineas:
322 2262 510 2310 quaeque
545 2264 629 2309 per
647 2248 875 2311 foramina
906 2249 963 2295 ad
997 2251 1223 2295 branchias
1249 2260 1415 2306 aperta.

67 2311 254 2372 spirant.
298 2313 471 2359 Omnia
502 2314 634 2375 hujus
664 2313 804 2361 claffis
836 2314 1069 2361 Animalia
1100 2315 1204 2362 sunt
1227 2312 1416 2373 sungui-

68 2386 174 2424 nea:
218 2377 268 2425 δε
304 2390 613 2439 perpetuom
647 2394 761 2439 aqua
795 2380 940 2426 vitam
976 2390 1134 2441 agunt.
1206 2379 1417 2437 Ipsorum

70 2439 273 2490 foeminae
305 2445 512 2506 quaedam
546 2443 646 2491 sunt
675 2447 913 2506 viviparae3
949 2444 1048 2491 aliae
1074 2460 1188 2491 vero
1213 2446 1415 2503 oviparae.

73 2506 249 2554 Omnes
281 2522 434 2556 tamen
456 2524 534 2555 ova
557 2510 852 2571 concipiunt,
887 2524 1077 2572 quorum
1102 2509 1339 2557 incubatio
1361 2507 1417 2553 fit

70 2570 193 2620 intra
218 2587 382 2637 corpus
403 2575 452 2623 in
476 2574 999 2686 quibusdamAfoeminiS,
1034 2590 1135 2638 quae
1158 2572 1328 2622 deinde
1352 2574 1418 2618 vi-

817 2653 845 2686 2
1345 2651 1421 2684 vos
