1696 2988
131 123 598 197 QUADRUPEDA.
633 122 1302 176 OrdoXVI.GenusXXXVII.
1341 133 1433 195 182

81 248 130 296 ἃ
169 244 360 291 maculis
394 241 713 304 magnitudine
750 240 1047 302 inaequalibus
1069 274 1087 298 ,
1137 240 1234 289 aliis
1282 244 1432 306 albis,

79 311 178 359 aliis
209 309 380 371 nigris,
425 308 523 354 aliis
550 305 884 355 rufescentibus
926 306 1158 368 variegata
1198 304 1433 359 videatur,

79 373 194 424 Nafi
244 373 510 421 extremitas
557 370 622 417 est
664 372 832 434 nigra3
881 370 1074 417 rostrum
1126 371 1296 418 album.
1381 375 1436 423 In

82 439 293 505 quolibet
314 437 478 498 capitis
505 436 651 482 latere
679 437 875 485 maxima
897 434 963 483 est
984 437 1160 483 macula
1195 438 1353 498 nigra,
1388 439 1439 487 in

79 519 170 567 qua
192 501 349 549 oculus
371 500 474 548 fitus
500 498 580 547 est.
649 502 733 548 Pili
757 513 932 564 partem
961 501 1127 563 capitis
1154 502 1439 562 superiorem

81 579 327 630 tegentes,
371 581 429 613 ex
460 564 567 611 albo
601 563 650 611 ἀ
691 569 823 629 nigro
859 566 1086 628 variegati
1128 566 1262 616 sunt:
1313 569 1440 615 unde

79 649 184 696 pars
219 630 300 678 ista
342 630 488 692 grisea
531 641 738 693 apparet.
814 630 1046 678 Auriculae
1086 643 1218 678 extus
1262 632 1441 694 nigrae,

83 700 187 745 albo
231 697 564 751 circumdatae,
614 695 736 742 intus
779 696 929 758 longis
972 697 1075 758 pilis
1123 696 1240 742 albis
1281 696 1440 747 obsitae

81 762 216 811 sunt:
250 772 440 823 guttur,
474 772 661 815 venter,
697 758 747 808 δε
771 761 915 821 pedes
946 777 975 819 4
1007 760 1141 823 nigri.
1212 761 1368 808 Cauda
1391 763 1438 809 in

81 839 212 889 parte
240 826 468 889 superiore
494 822 559 870 est
586 824 740 885 nigra,
773 826 818 870 in
851 824 1067 871 inferiore
1101 840 1212 871 vero
1241 842 1297 874 ex
1333 828 1441 875 albo

80 893 330 954 variegata.
410 889 576 938 Statim
610 887 729 935 infra
774 903 909 935 anum
951 889 1180 935 orificium
1230 890 1370 938 habet
1408 906 1435 951 g

77 957 271 1022 pollices
291 956 509 1016 longum,
542 969 738 1016 cumque
769 953 1011 1011 dilatatur,
1054 965 1109 1011 1}
1140 954 1352 1014 pollicem
1388 954 1440 1002 δε

84 1021 279 1081 amplius
309 1020 480 1067 latum:
522 1018 643 1080 quod
677 1017 902 1069 orificium
937 1020 982 1064 in
1012 1021 1303 1078 receptacula
1329 1054 1344 1077 ‚
1394 1021 1442 1067 in

118 1087 247 1133 uibus
277 1085 508 1145 colligitur
535 1081 778 1129 substantia
809 1082 1013 1145 quaedam
1041 1083 1258 1140 odorata,
1295 1085 1439 1130 ducit.

83 1102 327 1211 {ptimam
354 1149 462 1195 vide
498 1146 831 1205 folliculorum,
868 1147 999 1208 hujus
1035 1146 1293 1195 substantiae
1325 1148 1441 1195 odo-

80 1228 193 1263 ratae
223 1213 466 1260 secretioni
489 1211 864 1266 inservientium,
901 1212 1286 1272 descriptionem,
1319 1213 1441 1274 apud

83 1280 358 1332 Academicos
396 1274 684 1335 Parifienses,
722 1276 825 1322 loco
852 1276 981 1335 supra
1013 1278 1171 1325 citato.
1241 1280 1440 1330 Habitat

82 1344 130 1395 in
152 1342 316 1404 Sinenst
337 1341 529 1404 Regione
544 1376 561 1400 ,
594 1339 642 1387 &
665 1342 790 1388 Nova
814 1339 1045 1402 Hispania.

378 1482 422 1531 X
434 1482 477 1528 X
489 1481 532 1529 X
544 1480 594 1530 V
606 1480 709 1529 ΙΙΙ,
758 1479 901 1526 Genus
938 1477 1153 1540 Urfinmno

88 1596 242 1659 Hujus
276 1593 512 1643 charaflzer
543 1592 608 1641 est

87 1663 267 1710 Dentes
300 1662 517 1709 incisores
549 1659 596 1706 in
630 1668 822 1720 utraque
857 1657 1043 1705 maxilla
1077 1657 1182 1705 sex:

86 1726 242 1787 Digiti
276 1723 590 1786 unguiculati‚

89 1791 267 1838 Omnes
302 1806 328 1837 a
361 1790 405 1837 se
437 1789 638 1837 invicem
674 1784 892 1848 separati:

86 1855 232 1908 Pedes
266 1854 491 1905 calcaneis
527 1853 813 1903 incedentes.

498 1993 562 2021 '⁵¹'
632 2006 674 2042 1.
745 1990 1045 2040 URsus.

89 2102 228 2153 Ursus
248 2101 417 2164 niger,
449 2098 593 2149 cauda
616 2098 870 2145 unicolore.
897 2134 907 2145 .
932 2133 943 2144 .
970 2133 981 2144 .
1016 2095 1228 2145 L’Ouns.

86 2221 214 2268 Ursus
236 2220 368 2265 cauda
387 2219 575 2273 abrupta.
609 2215 732 2260 Ursus
753 2216 897 2271 vulgo.
934 2217 1060 2261 Linn.
1084 2215 1193 2273 Syst.
1216 2215 1325 2259 Nat.
1356 2214 1440 2259 Ed.

137 2283 176 2320 6.
203 2292 246 2334 g.
267 2292 306 2329 4.
323 2279 391 2331 Jp.
424 2288 456 2326 ς.
492 2273 616 2321 Faun.
640 2273 754 2314 Suec.
774 2273 903 2315 Linn.
933 2284 995 2316 πο.
1022 2287 1059 2316 2.
1165 2271 1305 2315 Ursus.
1339 2271 1441 2327 Raj.

140 2334 240 2386 Syn.
268 2332 428 2394 Quadr.
459 2338 498 2385 p.
532 2339 619 2384 171.
655 2328 786 2370 Klein.
810 2328 969 2390 chadr.
991 2336 1115 2384 p.82.
1148 2327 1441 2385 Gqfn.Quezdr.

145 2385 231 2445 Eg.
259 2399 300 2444 p.
321 2392 447 2441 1065.
478 2384 596 2441 (Fig.
619 2385 689 2440 sat
718 2388 854 2439 bona).
887 2385 1007 2439 Gesn.
1030 2385 1138 2428 Icon.
1157 2383 1317 2442 Qjmdr.
1349 2380 1443 2436 Fig.

141 2452 183 2498 p.
206 2448 274 2496 65.
304 2443 420 2498 (Fig.
440 2442 610 2495 eadem).
652 2440 826 2482 Aldrov.
850 2439 1007 2495 Quadr.
1036 2441 1134 2494 Dig.
1159 2442 1261 2481 Viv.
1288 2447 1329 2492 p.
1350 2449 1444 2490 117,

144 2497 231 2553 Fig.
258 2508 299 2552 p.
322 2511 412 2547 119.
441 2497 555 2552 (fig.
589 2495 818 2550 utsupra.)
856 2495 991 2550 Jonfi.
1015 2496 1170 2556 Quadr.
1190 2503 1231 2548 p.
1258 2498 1321 2539 86.
1355 2490 1445 2545 Figa

150 2551 197 2594 T.
218 2567 284 2607 55.
315 2552 428 2608 (Fig.
450 2552 602 2604 bonis).
632 2552 809 2595 Charlet.
833 2551 983 2595 Exerc.
1011 2561 1051 2604 p.
1070 2563 1133 2601 14.
1163 2549 1274 2602 Mus.
1296 2546 1443 2590 Worm.

139 2615 184 2662 p.
207 2615 308 2664 318.
345 2607 475 2650 Rzac.
500 2605 610 2660 Hift.
636 2606 741 2649 Nat.
763 2607 850 2650 Pol.
883 2616 927 2661 p.
956 2619 1052 2659 225.
1090 2605 1222 2647 Rzac.
1252 2600 1374 2644 Aust.
1401 2608 1444 2653 p.

142 2675 248 2724 3²¹·
338 2660 461 2711 Ours.
486 2660 599 2719 Hist.
621 2665 666 2708 de
687 2663 853 2709 I’Acad.
883 2662 991 2706 Tom.
1016 2659 1097 2708 111.
1119 2660 1239 2706 Part.
1259 2656 1291 2699 I.
1313 2660 1441 2758 p-bssg.

1385 2724 1442 2768 lg.
