1696 2988
234 135 293 188 58
471 125 845 174 REGNUM
907 127 1338 177 ANIMALE.

235 241 377 287 Vacca
406 241 654 294 grunnienS,
683 240 852 293 villosa,
877 242 1008 284 cauda
1027 245 1189 295 equina.
1221 243 1334 286 Nov.
1360 244 1567 286 Commeat.

283 297 444 350 Petrop.
479 296 586 339 Tom.
610 297 663 338 V.
688 305 733 350 p.
755 309 853 353 339.
885 296 997 352 (Fz‘g.
1033 298 1173 353 bona).
1266 299 1346 341 Les
1369 301 1568 342 Calmoucs

286 351 511 406 l’appellem
539 353 735 395 SARLUX.

290 456 612 521 Longitudine
634 471 783 520 aequat
811 466 864 516 2¹³
887 458 1010 506 ulnas
1030 458 1249 506 Rufficas.
1303 459 1482 505 Cornua
1502 459 1569 505 irr-

228 524 419 572 trorsum
459 534 594 570 torta.
674 525 821 585 Caput
851 523 899 571 ὅζ
930 539 1093 585 corpus
1132 525 1262 586 nigra
1300 523 1329 569 si
1369 525 1571 584 excipias

229 588 433 636 frontem
459 586 508 634 ἅ
531 587 706 649 spinam
732 588 848 635 dorsi
869 604 969 650 quae
993 588 1238 636 albescunt.
1306 590 1480 634 Collum
1499 589 1570 650 ju-

229 655 414 710 batum,
454 664 696 715 totumque
722 669 887 716 corpus
915 654 1051 700 Hirci
1077 652 1210 699 instar
1234 652 1467 709 villosum,
1505 653 1571 713 pi-

229 718 285 765 ]is
305 716 572 779 longisfirnis
593 719 650 765 ad
671 733 820 780 genua
842 733 980 779 usque
1003 717 1384 777 dependentibus.
1449 720 1570 763 Dor-

229 784 327 830 sum
369 784 414 831 in
445 784 637 844 gibbum
668 782 868 843 affurgit.
941 782 1096 827 Cauda
1132 780 1328 842 equina,
1370 782 1573 842 prolixa,

230 849 351 894 alba.
421 846 566 892 Pedes
592 847 840 892 anteriores
872 845 1019 904 nigri,
1044 843 1319 906 posteriores
1343 848 1448 892 albi.
1496 846 1572 891 Ad

232 912 347 958 talos
386 909 690 970 posteriorum
720 909 890 968 pedum
920 907 1133 970 utrinque
1161 910 1354 970 pilorum
1387 910 1572 973 insignis

230 976 387 1023 cirrus.
455 972 530 1019 Ad
550 973 803 1020 anteriores
828 987 938 1019 unus
969 984 1145 1020 tanturn
1171 974 1215 1020 in
1237 973 1419 1036 singulis
1441 975 1572 1035 pedi·

230 1042 340 1095 buS‚
375 1039 420 1086 in
452 1037 626 1097 postica
655 1050 786 1098 parte
818 1037 938 1084 fitus.
1008 1038 1122 1084 Non
1149 1040 1328 1101 mugit,
1362 1038 1436 1084 sed
1472 1039 1572 1084 Suis

233 1103 371 1152 instar
390 1102 595 1166 grunnit.
642 1102 838 1150 Habitat
860 1102 906 1148 in
933 1101 1203 1150 Calmuccicis
1222 1104 1499 1166 regionibus.
1516 1103 1544 1167 ζ]Δ

591 1231 1030 1287 SECTIO
1144 1231 1217 1285 11.

493 1347 564 1394 Ea
606 1362 774 1407 quorum
816 1362 967 1394 cornua
998 1347 1106 1410 fitnt
1147 1346 1322 1408 ramosa.

234 1460 320 1590 In
352 1460 438 1507 hac
470 1460 685 1510 Sestione
717 1463 903 1509 unicum
935 1462 1000 1510 est
1029 1462 1186 1510 Genus
1208 1496 1225 1521 ‚
1269 1462 1444 1509 scilicet
1479 1461 1571 1510 Cer·

314 1541 475 1573 vznum.

610 1641 733 1687 XII.
779 1640 919 1687 Genus
962 1642 1199 1688 Cervinum.

237 1747 389 1810 Hujus
423 1745 656 1793 charae'ter
689 1746 755 1793 est

238 1815 416 1861 Dentes
442 1812 657 1857 incisores
694 1813 740 1858 in
771 1811 954 1861 maxilla
986 1811 1214 1874 superiore
1243 1813 1387 1869 nulli,
1430 1812 1474 1858 in
1509 1812 1575 1857 in«

302 1877 467 1924 feriore
502 1875 632 1923 οξὶοε

237 1943 322 1989 Pes
353 1941 576 1987 bisulcus:

235 2008 421 2053 Cornua
453 2004 643 2052 ramosa.

290 2120 368 2170 Obs.
396 2121 434 2158 In
458 2119 532 2157 hoc
553 2120 699 2157 Genere
719 2120 996 2159 Ruminantiurn
1020 2133 1134 2159 mares
1157 2133 1284 2159 ornnes
1304 2134 1440 2159 cornua
1460 2132 1575 2156 ramo-

240 2172 274 2209 sa
295 2180 444 2220 gerunt3
471 2171 630 2206 foeminae
661 2182 751 2207 vero
774 2171 853 2208 suut
885 2175 1059 2208 cornibus
1087 2172 1283 2216 destitutae,
1313 2173 1335 2208 si
1362 2175 1452 2208 duas
1482 2171 1577 2207 exci-

240 2221 339 2270 pias,
366 2221 500 2269 scilipet
517 2218 744 2270 Rangiferam
754 2221 954 2271 staminum,
981 2222 1014 2258 ὅ(
1035 2223 1176 2260 Cervam
1199 2223 1489 2261 Groenlamlicam.

606 2321 669 2348 Η
742 2337 784 2369 1.
853 2325 1211 2371 C-Envus.

240 2429 418 2477 Cervus
447 2427 661 2475 cornibus
686 2429 942 2487 teretibus,
985 2430 1039 2477 ad
1072 2430 1213 2476 latera
1244 2426 1460 2474 incurvis·
1491 2461 1501 2472 .
1530 2461 1540 2471 .
1564 2462 1577 2474 .

305 2495 376 2540 LE
411 2495 552 2540 (ΖΕΗ.

245 2598 406 2642 Cervus
444 2598 638 2640 cornibus
668 2597 835 2641 ramosis
860 2630 872 2650 ‚
903 2598 1103 2640 teretibus
1122 2627 1135 2648 ‚
1171 2596 1366 2638 incurvis.
1407 2595 1581 2638 Cervus.

293 2654 420 2698 Linn.
442 2653 548 2709 Syst.
568 2653 675 2697 Nat.
697 2653 775 2696 Ed.
808 2659 846 2698 6.
872 2668 914 2711 g.
939 2666 1008 2710 31.
1028 2655 1094 2709 sp.
1119 2666 1158 2708 3.
1178 2650 1300 2694 Faun.
1323 2651 1580 2760 Suecffigg.
