1696 2988
224 118 1305 197 QUADRUPEDA.ord0111.GenusV1
1405 147 1461 183 ῃ

113 253 187 296 ter
209 248 253 297 8.
292 240 661 317 Quatuorhabet
676 239 817 303 pedes
838 240 1032 296 breveS,
1047 240 1093 287 in
1106 241 1268 303 quibus
1281 242 1463 306 singulis

114 313 216 362 sunt
247 325 276 368 5
312 309 478 371 digiti,
512 306 739 368 unguibus
774 305 964 362 muniti,
1000 320 1105 353 cute
1136 307 1254 354 inter
1279 308 1324 356 se
1355 326 1465 360 con-

116 376 241 424 nexi.
307 375 453 421 Pedes
490 371 764 434 posteriores
798 371 1045 418 retrorsum
1079 373 1142 419 ita
1174 373 1466 436 diriguntur,

116 454 168 489 ut
196 440 309 487 nihil
337 437 457 485 aliud
476 472 490 493 ,
522 451 658 498 quam
682 436 816 497 ipsius
845 436 1019 494 cauda,
1054 452 1320 498 appareant,-
1377 442 1465 488 Ca-

115 517 199 568 put
229 501 419 551 crassum
452 501 501 549 ἃ
531 502 578 548 in
618 501 850 549 anteriore
887 513 1016 563 parte
1049 503 1273 563 planum:
1326 504 1468 555 ristus

116 568 395 619 validiflimis
436 567 540 614 setis
580 565 750 614 obsitus
781 566 861 614 est.
923 567 1156 614 Dentibus
1196 568 1468 619 incisoribus

114 635 306 682 omnino
344 643 513 681 caret·
501 665 515 688 ,
565 631 612 678 in
652 631 836 679 maxilla
871 646 983 679 vero
1016 630 1251 693 superiore
1291 635 1469 691 duobus

114 700 330 747 dentibus
360 697 566 754 caninis,
601 711 625 743 2
657 697 797 760 pedes
822 688 1007 744 circiter
1037 698 1216 759 longis,
1254 700 1466 748 deorsum.

112 764 340 822 incurvis,
361 762 442 810 δι’
432 778 478 810 in
500 773 687 823 utraque
709 762 894 809 maxilla
918 768 942 813 8
967 763 1244 822 molaribus,
1268 779 1299 824 4
1323 766 1465 812 utrin-

113 846 234 893 que,
267 829 478 876 donatur.
548 827 870 874 Auricularum
897 839 1191 874 externarum
1216 829 1346 887 loco,
1386 830 1465 878 ha-

113 897 197 944 bet
219 895 433 957 utrinque
460 892 687 939 foramina
712 893 873 954 quibus
895 890 1055 948 audit3
1081 894 1223 950 cutis,
1247 910 1394 956 quaep
1367 897 1465 955 pol-

113 960 214 1007 licis
240 959 337 1007 fere
366 958 608 1007 craffitiem
631 956 848 1019 attingit,
872 955 974 1017 pilis
1004 957 1247 1013 brevibus,
1281 959 1467 1019 rigidis,

112 1040 172 1072 ex
198 1024 326 1072 fusco
351 1023 534 1071 sordide
560 1021 731 1079 flavis,
765 1021 950 1081 tegitur.
1006 1020 1207 1068 Habitat
1234 994 1283 1068 in
1305 1023 1467 1086 Regio,

113 1092 239 1136 nibus
271 1086 700 1149 Septentrionalz'bus.
739 1083 830 1147 (a)

847 1279 971 1286 -—-——-·
1004 1284 1007 1285 γ

440 1390 842 1456 ORDO
979 1389 1131 1454 IV.⁵

109 1534 643 1602 QUADRUPEDA
672 1534 888 1583 Dentibus
922 1532 1172 1594 inrisoribus
1207 1538 1251 1583 in
1281 1539 1461 1588 maxilla

239 1645 242 1652 ,
262 1612 481 1674 superiore
514 1611 664 1666 nullis,
699 1614 743 1656 in
779 1610 979 1673 inferiore
1001 1609 1085 1671 sex
1117 1614 1287 1659 donata.

259 1739 383 1785 mnia
407 1736 541 1798 hujus
571 1735 760 1783 Ordinis
784 1737 937 1801 QUAD
928 1752 1134 1794 mrem,
1172 1737 1284 1786 scut
1310 1738 1359 1789 ἃ
1392 1745 1458 1790 se-

278 1803 485 1866 quentis,
523 1801 623 1847 sunt
652 1802 942 1851 ruminantia.
994 1804 1203 1868 Quatuor
1223 1807 1456 1855 ventricun

109 1872 179 1918 los
220 1871 430 1916 habent·
417 1901 432 1924 ‚
482 1881 574 1912 non
606 1881 720 1912 vero
748 1866 849 1913 sunt
878 1869 1134 1931 cornigera.
1202 1870 1350 1917 Pedes
1378 1873 1459 1919 ha-

109 1938 225 1982 bent
256 1935 303 1980 in
337 1934 451 1980 duos
477 1930 677 1993 digitos,
714 1946 807 1978 non
842 1932 1026 1994 quidem
1052 1935 1302 1995 angulanos,
1344 1935 1459 1985 ficut:

108 1999 293 2061 bisulca,
329 1998 405 2046 sed
426 2007 603 2045 tantum
626 1999 945 2057 unguiculatos,
983 1997 1117 2044 fissos
1184 1999 1356 2048 Plantae
1376 2019 1458 2064 pe·

109 2065 219 2111 dum
239 2076 344 2112 cute
367 2064 494 2110 molli
515 2060 562 2108 &
581 2076 822 2125 parumper
842 2063 1003 2110 callosa
1025 2075 1256 2124 teguntur.
1292 2067 1346 2114 In
1365 2070 1455 2116 hoc:

112 2129 289 2178 Ordine
313 2129 497 2177 unicum
524 2126 591 2173 est
611 2141 784 2189 genus,
815 2128 993 2177 scilicet
1018 2129 1289 2177 Camelinmz.

463 2243 605 2293 VIL
651 2245 791 2292 Genus
837 2244 1108 2295 Camelinum.

105 2352 260 2418 Hujus
294 2349 532 2401 charaCter
564 2350 630 2400 est

1329 2420 1455 2470 Den-

157 2517 232 2565 (a)
261 2517 316 2555 Ad
343 2518 462 2557 hocce
490 2520 618 2559 Genus
650 2519 868 2558 MANATUM
891 2516 1017 2558 retulit
1037 2518 1196 2558 Auster:
1225 2530 1354 2558 verum
1384 2522 1456 2558 huc

107 2575 185 2603 non
211 2570 393 2614 pertinet,
421 2581 504 2608 cum
535 2569 707 2607 dentibus
737 2572 892 2607 omnino
922 2579 1062 2611 careat;
1091 2571 1234 2609 idcirco
1260 2572 1353 2607 inter
1384 2572 1458 2607 bel·

107 2616 186 2652 luas
207 2620 380 2663 quasdam
410 2620 564 2658 marinas
585 2620 618 2657 &
647 2621 834 2658 anomalas
853 2648 862 2664 ‚
891 2620 982 2657 infra
1013 2622 1075 2659 sub
1102 2623 1251 2660 Genere
1270 2620 1384 2656 Phocae
1403 2632 1458 2657 re«-

107 2665 322 2711 Csssssessdas‚
353 2667 457 2709 illum
481 2669 688 2709 describere
717 2673 832 2720 magis
860 2673 1087 2711 concinnum
1114 2670 1228 2709 visum
1254 2669 1336 2708 fuit.
