1696 2988
213 80 302 128 168
454 72 830 123 REGNUM
895 73 1324 124 ANIMALE.

475 359 919 425 ORDO
1058 359 1314 425 XVI.

218 490 416 558 QUAD
430 491 470 537 R
489 494 576 539 UP
590 493 629 539 E
644 492 687 538 D
699 495 742 539 A
790 494 1002 540 Dentibus
1044 491 1292 554 incisorihus
1323 497 1365 540 in
1402 504 1577 556 utraque

345 571 521 615 maxilla
535 569 645 630 sex,
683 568 736 623 ὃ)
756 571 906 631 digitis
928 572 1218 630 unguiculatis
1248 572 1443 631 praedica.

228 680 249 810 Ε
318 680 337 811 Ε
364 684 461 746 ujus
491 685 680 731 Ordinis
710 685 1180 750 QUADRUPEDUM
1222 683 1310 730 alia
1337 684 1437 731 sunt
1462 699 1575 746 quo-

383 765 479 796 rum
516 751 649 806 digiti
685 765 709 795 a
749 751 793 795 se
830 748 1032 794 invicem
1071 748 1173 793 sunt
1208 748 1443 808 separati,
1489 749 1577 795 alia

219 829 410 872 quorum
460 815 595 873 digiti
643 811 919 858 membranis
965 811 1082 858 inter
1131 812 1174 858 se
1220 812 1575 862 connec‘tuntur.

220 878 394 926 Omnia
423 879 676 925 carnivora.
750 875 963 942 Quatuor
998 875 1212 924 dentibus
1247 879 1422 925 caninis
1461 893 1577 938 prae-

217 943 317 989 dita
341 945 466 998 sunt,
504 941 677 987 scilicet
703 954 795 986 uno
828 941 1041 1003 utrinque
1071 940 1116 989 in
1148 955 1340 1005 utraque
1370 943 1578 989 maxilla:

218 1007 429 1054 dentium
458 1006 698 1053 molarium
726 1005 870 1052 variat
892 1021 1123 1054 numerus.
1193 1008 1244 1055 In
1281 1006 1392 1054 duas
1420 1005 1581 1052 sectio-

217 1088 300 1121 nes
322 1072 605 1119 dividuntur.
674 1070 828 1117 Prima
854 1072 1066 1119 continet
1089 1088 1142 1119 ea
1163 1087 1354 1134 quorum
1385 1072 1521 1134 digiti
1552 1087 1578 1119 a

218 1138 492 1185 seinvicem
521 1135 713 1192 separati
747 1134 872 1191 sunt,
911 1135 1022 1184 ficut
1046 1137 1201 1194 Canis,
1233 1138 1348 1184 Felts
1368 1173 1380 1193 ‚
1416 1138 1495 1182 Mu
1538 1152 1578 1181 e-

223 1205 288 1258 la,
328 1202 485 1262 Uffus,
525 1200 617 1254 &tn
697 1201 909 1247 Secunda
950 1217 1003 1249 ea
1032 1217 1224 1263 quorum
1261 1201 1401 1264 digiti
1435 1216 1579 1248 mern·

218 1269 373 1317 branis
402 1268 522 1318 inter
550 1267 595 1313 se
626 1266 829 1312 connexi
855 1266 985 1324 sunt,
1020 1279 1072 1313 ut
1100 1269 1258 1315 Lutra.

602 1379 1040 1435 SECTIO
1149 1382 1187 1435 Ι.

328 1493 398 1541 Ea
426 1507 593 1554 quorum
626 1491 755 1552 digiti
787 1507 815 1536 a
835 1489 888 1550 se
919 1492 1101 1538 invicem
1124 1491 1230 1552 stim
1254 1492 1471 1554 separati.

288 1600 380 1646 Sex
424 1599 471 1646 in
515 1598 590 1646 illa
625 1595 840 1645 Sectione
882 1597 1179 1645 continentur
1218 1614 1386 1661 genera
1430 1598 1579 1664 QUA-

223 1677 576 1719 DRUPEDUM,
612 1678 803 1724 quorum
839 1661 1127 1709 characteres
1159 1679 1184 1710 a
1225 1665 1418 1725 pedibus
1450 1665 1579 1710 desu-

221 1742 423 1777 muntur.
503 1729 601 1774 Alia
623 1740 817 1790 quatuor
848 1726 1005 1790 digitis
1038 1728 1082 1774 in
1115 1728 1308 1789 pedibus
1339 1729 1580 1774 anteriori-

223 1796 309 1842 bus
326 1832 336 1852 ,
372 1793 422 1842 ὃς
445 1794 645 1857 quinque
671 1793 716 1839 in
741 1791 1062 1853 posterioribus
1088 1792 1341 1850 donantur,
1378 1806 1428 1839 ut
1450 1794 1574 1854 Hyia<

222 1876 294 1905 na.
366 1860 469 1906 Alia
491 1862 691 1921 quinque
723 1858 767 1904 in
796 1857 990 1919 pedibus
1023 1857 1356 1914 anterioribus,
1392 1856 1440 1904 ἃ
1472 1873 1581 1919 qua-

225 1937 330 1970 tuor
359 1937 537 1970 tantum
569 1926 615 1971 in
651 1922 1012 1983 posterioribus,
1047 1922 1203 1984 digitis
1236 1923 1428 1985 praedita
1449 1922 1582 1980 sunt,

226 2002 279 2035 ut
311 1990 454 2035 Canis.
522 1989 627 2036 Alia
656 1990 700 2034 in
729 1986 912 2050 fingulis
947 1987 1144 2050 pedibus
1178 1988 1378 2050 quinque
1408 1987 1582 2049 digitos

226 2054 433 2102 habent:
459 2068 542 2099 -ex
572 2053 641 2100 his
673 2053 845 2100 ultimis
875 2053 961 2100 alia
988 2053 1090 2100 sunt
1113 2068 1306 2114 quorum
1334 2053 1488 2114 pollex
1522 2054 1579 2100 ab

225 2119 329 2165 aliis
363 2118 523 2179 digitis
552 2131 755 2165 remotus
785 2117 877 2174 est,
911 2117 961 2167 &
996 2117 1195 2178 superius
1218 2118 1494 2175 collocatus,
1530 2129 1581 2163 ut

229 2183 456 2244 Mustela:
509 2181 558 2230 ἃ
605 2183 693 2230 alia
733 2198 930 2245 quorum
971 2183 1128 2244 pollex
1168 2184 1268 2231 aliis
1314 2183 1471 2245 digitis
1516 2179 1582 2227 est

227 2250 490 2306 proximus,
526 2260 575 2294 ut
606 2250 762 2296 Meles.
833 2249 938 2295 Alia
973 2249 1205 2296 calcaneis
1241 2248 1486 2300 incedunt,
1531 2257 1581 2294 ut

234 2311 379 2374 Ursus.
448 2312 553 2359 Alia
586 2312 784 2376 denique
814 2313 1044 2375 unguibus
1072 2313 1268 2363 hamatis
1294 2311 1344 2361 δε
1376 2307 1584 2360 tetrasti-

230 2377 351 2428 libus
371 2376 589 2441 praeditta
615 2378 717 2425 sunt
730 2413 748 2438 ,
781 2393 831 2427 ut
853 2378 980 2426 Felis.

569 2492 830 2542 XXXIV.
881 2494 1026 2542 Genus
1060 2493 1247 2557 Hyaenae.

230 2599 384 2662 Hujus
416 2599 651 2649 charafter
684 2597 748 2647 est

220 2692 224 2698 =
1445 2666 1575 2715 Den-
