<?xml version="1.0" encoding="UTF-8"?>
<!DOCTYPE html PUBLIC "-//W3C//DTD XHTML 1.0 Transitional//EN"
    "http://www.w3.org/TR/xhtml1/DTD/xhtml1-transitional.dtd">
<html xmlns="http://www.w3.org/1999/xhtml" xml:lang="en" lang="en">
 <head>
  <title>
</title>
<meta http-equiv="Content-Type" content="text/html;charset=utf-8" />
  <meta name='ocr-system' content='tesseract 3.04.00' />
  <meta name='ocr-capabilities' content='ocr_page ocr_carea ocr_par ocr_line ocrx_word'/>
</head>
<body>
  <div class='ocr_page' id='page_1' title='image "./regnumanimaleinc00bris_0184.png"; bbox 0 0 1696 2988; ppageno 0'>
   <div class='ocr_carea' id='block_1_1' title="bbox 197 125 1308 191">
    <p class='ocr_par' dir='ltr' id='par_1_1' title="bbox 197 125 1308 191">
     <span class='ocr_line' id='line_1_1' title="bbox 197 125 1308 191; baseline -0.003 -11"><span class='ocrx_word' id='word_1_1' title='bbox 197 137 286 191; x_wconf 64' lang='lat'>‚3:72</span> <span class='ocrx_word' id='word_1_2' title='bbox 442 125 817 175; x_wconf 86' lang='lat' dir='ltr'>REGNUM</span> <span class='ocrx_word' id='word_1_3' title='bbox 883 126 1308 178; x_wconf 86' lang='lat' dir='ltr'>ANIMALE.</span> 
     </span>
    </p>
   </div>
   <div class='ocr_carea' id='block_1_2' title="bbox 161 243 1605 500">
    <p class='ocr_par' dir='ltr' id='par_1_2' title="bbox 199 243 1605 356">
     <span class='ocr_line' id='line_1_2' title="bbox 199 243 1605 356; baseline 0.004 -66"><span class='ocrx_word' id='word_1_4' title='bbox 199 246 380 356; x_wconf 42' lang='grc' dir='ltr'>λέπρα</span> <span class='ocrx_word' id='word_1_5' title='bbox 401 245 574 304; x_wconf 75' lang='lat' dir='ltr'>vulgari</span> <span class='ocrx_word' id='word_1_6' title='bbox 604 243 921 305; x_wconf 80' lang='lat' dir='ltr'>magnitudine</span> <span class='ocrx_word' id='word_1_7' title='bbox 950 243 1100 300; x_wconf 84' lang='lat' dir='ltr'><strong>cedit,</strong></span> <span class='ocrx_word' id='word_1_8' title='bbox 1132 243 1183 293; x_wconf 70' lang='grc' dir='ltr'>ἃ</span> <span class='ocrx_word' id='word_1_9' title='bbox 1212 244 1388 308; x_wconf 84' lang='lat' dir='ltr'><em>Vulpem</em></span> <span class='ocrx_word' id='word_1_10' title='bbox 1415 256 1551 295; x_wconf 65' lang='lat' dir='ltr'>ante:</span> <span class='ocrx_word' id='word_1_11' title='bbox 1599 244 1605 249; x_wconf 76' lang='grc'><strong>’</strong></span> 
     </span>
    </p>

    <p class='ocr_par' dir='ltr' id='par_1_3' title="bbox 161 308 1542 500">
     <span class='ocr_line' id='line_1_3' title="bbox 161 308 1542 374; baseline 0.004 -19"><span class='ocrx_word' id='word_1_12' title='bbox 161 313 222 349; x_wconf 55' lang='lat'>„1⁶</span> <span class='ocrx_word' id='word_1_13' title='bbox 280 308 330 355; x_wconf 88' lang='lat' dir='ltr'>it.</span> <span class='ocrx_word' id='word_1_14' title='bbox 402 308 569 374; x_wconf 80' lang='lat' dir='ltr'>Quoad</span> <span class='ocrx_word' id='word_1_15' title='bbox 599 308 790 370; x_wconf 85' lang='lat' dir='ltr'>figuram</span> <span class='ocrx_word' id='word_1_16' title='bbox 821 324 935 355; x_wconf 88' lang='lat' dir='ltr'>vero</span> <span class='ocrx_word' id='word_1_17' title='bbox 960 310 1126 370; x_wconf 71' lang='lat' dir='ltr'>Lupum</span> <span class='ocrx_word' id='word_1_18' title='bbox 1156 311 1406 358; x_wconf 87' lang='lat' dir='ltr'>aemulatur.</span> <span class='ocrx_word' id='word_1_19' title='bbox 1471 314 1542 360; x_wconf 88' lang='lat' dir='ltr'>Pi-</span> 
     </span>
     <span class='ocr_line' id='line_1_4' title="bbox 187 372 1542 434; baseline 0.004 -14"><span class='ocrx_word' id='word_1_20' title='bbox 187 372 337 421; x_wconf 61' lang='lat' dir='ltr'>iorum</span> <span class='ocrx_word' id='word_1_21' title='bbox 374 377 501 420; x_wconf 89' lang='lat' dir='ltr'>color</span> <span class='ocrx_word' id='word_1_22' title='bbox 533 373 599 420; x_wconf 89' lang='lat' dir='ltr'>est</span> <span class='ocrx_word' id='word_1_23' title='bbox 623 373 858 434; x_wconf 79' lang='lat' dir='ltr'><strong>eleganter</strong></span> <span class='ocrx_word' id='word_1_24' title='bbox 892 373 1057 421; x_wconf 76' lang='lat' dir='ltr'>flavus.</span> <span class='ocrx_word' id='word_1_25' title='bbox 1130 376 1329 426; x_wconf 78' lang='lat' dir='ltr'>Habitat</span> <span class='ocrx_word' id='word_1_26' title='bbox 1356 377 1405 425; x_wconf 89' lang='lat' dir='ltr'>in</span> <span class='ocrx_word' id='word_1_27' title='bbox 1442 377 1542 426; x_wconf 84' lang='lat' dir='ltr'>Cili-</span> 
     </span>
     <span class='ocr_line' id='line_1_5' title="bbox 193 436 993 500; baseline -0.005 -11"><span class='ocrx_word' id='word_1_28' title='bbox 193 440 286 500; x_wconf 69' lang='grc' dir='ltr'>εἰσ,</span> <span class='ocrx_word' id='word_1_29' title='bbox 319 438 502 487; x_wconf 78' lang='lat' dir='ltr'>Turez&#39;ca</span> <span class='ocrx_word' id='word_1_30' title='bbox 515 472 533 498; x_wconf 91' lang='lat'><strong><em>,</em></strong></span> <span class='ocrx_word' id='word_1_31' title='bbox 568 436 619 486; x_wconf 69' lang='grc' dir='ltr'>δε</span> <span class='ocrx_word' id='word_1_32' title='bbox 642 438 851 487; x_wconf 89' lang='lat' dir='ltr'>universa</span> <span class='ocrx_word' id='word_1_33' title='bbox 873 437 993 500; x_wconf 79' lang='lat' dir='ltr'>Asia.</span> 
     </span>
    </p>
   </div>
   <div class='ocr_carea' id='block_1_3' title="bbox 425 586 1309 645">
    <p class='ocr_par' dir='ltr' id='par_1_4' title="bbox 425 586 1309 645">
     <span class='ocr_line' id='line_1_6' title="bbox 425 586 1309 645; baseline 0.001 -13"><span class='ocrx_word' id='word_1_34' title='bbox 425 600 469 645; x_wconf 80' lang='lat'>4.</span> <span class='ocrx_word' id='word_1_35' title='bbox 539 586 776 634; x_wconf 67' lang='lat' dir='ltr'>Lupus</span> <span class='ocrx_word' id='word_1_36' title='bbox 844 587 1309 634; x_wconf 66' lang='lat' dir='ltr'>MssxtcANus.</span> 
     </span>
    </p>
   </div>
   <div class='ocr_carea' id='block_1_4' title="bbox 188 691 1539 876">
    <p class='ocr_par' dir='ltr' id='par_1_5' title="bbox 188 691 1539 876">
     <span class='ocr_line' id='line_1_7' title="bbox 188 691 1539 753; baseline 0 -13"><span class='ocrx_word' id='word_1_37' title='bbox 188 691 327 740; x_wconf 85' lang='lat' dir='ltr'>Canis</span> <span class='ocrx_word' id='word_1_38' title='bbox 363 693 606 751; x_wconf 88' lang='lat' dir='ltr'>cinereus,</span> <span class='ocrx_word' id='word_1_39' title='bbox 651 692 839 739; x_wconf 87' lang='lat' dir='ltr'>maculis</span> <span class='ocrx_word' id='word_1_40' title='bbox 875 692 1013 739; x_wconf 85' lang='lat' dir='ltr'>fulvis</span> <span class='ocrx_word' id='word_1_41' title='bbox 1045 692 1308 753; x_wconf 84' lang='lat' dir='ltr'>variegatus</span> <span class='ocrx_word' id='word_1_42' title='bbox 1333 727 1346 748; x_wconf 90' lang='lat'>‚</span> <span class='ocrx_word' id='word_1_43' title='bbox 1391 694 1539 740; x_wconf 80' lang='lat' dir='ltr'>taeniis</span> 
     </span>
     <span class='ocr_line' id='line_1_8' title="bbox 248 756 1539 818; baseline 0.002 -15"><span class='ocrx_word' id='word_1_44' title='bbox 248 757 478 818; x_wconf 84' lang='lat' dir='ltr'>subnigris</span> <span class='ocrx_word' id='word_1_45' title='bbox 497 773 522 804; x_wconf 90' lang='lat' dir='ltr'>a</span> <span class='ocrx_word' id='word_1_46' title='bbox 546 757 679 803; x_wconf 81' lang='lat' dir='ltr'>dorso</span> <span class='ocrx_word' id='word_1_47' title='bbox 708 758 764 803; x_wconf 86' lang='lat' dir='ltr'>ad</span> <span class='ocrx_word' id='word_1_48' title='bbox 790 758 934 802; x_wconf 82' lang='lat' dir='ltr'>latera</span> <span class='ocrx_word' id='word_1_49' title='bbox 958 756 1168 802; x_wconf 87' lang='lat' dir='ltr'>deorsum</span> <span class='ocrx_word' id='word_1_50' title='bbox 1195 756 1435 804; x_wconf 81' lang='lat' dir='ltr'>hincinde</span> <span class='ocrx_word' id='word_1_51' title='bbox 1460 758 1539 805; x_wconf 91' lang='lat' dir='ltr'>de-</span> 
     </span>
     <span class='ocr_line' id='line_1_9' title="bbox 247 820 1183 876; baseline -0.002 -8"><span class='ocrx_word' id='word_1_52' title='bbox 247 820 410 868; x_wconf 70' lang='lat' dir='ltr'>duffis.</span> <span class='ocrx_word' id='word_1_53' title='bbox 440 858 450 867; x_wconf 96' lang='lat'>.</span> <span class='ocrx_word' id='word_1_54' title='bbox 479 858 490 867; x_wconf 91' lang='lat'><strong><em>.</em></strong></span> <span class='ocrx_word' id='word_1_55' title='bbox 513 858 524 866; x_wconf 93' lang='lat'>.</span> <span class='ocrx_word' id='word_1_56' title='bbox 560 824 629 867; x_wconf 73' lang='lat' dir='ltr'>LE</span> <span class='ocrx_word' id='word_1_57' title='bbox 663 822 793 866; x_wconf 70' lang='lat' dir='ltr'>Loup</span> <span class='ocrx_word' id='word_1_58' title='bbox 826 832 891 866; x_wconf 84' lang='lat' dir='ltr'>Du</span> <span class='ocrx_word' id='word_1_59' title='bbox 928 821 1183 876; x_wconf 74' lang='lat' dir='ltr'><strong>MEXIQUE.</strong></span> 
     </span>
    </p>
   </div>
   <div class='ocr_carea' id='block_1_5' title="bbox 165 942 1537 1166">
    <p class='ocr_par' dir='ltr' id='par_1_6' title="bbox 165 942 1537 1166">
     <span class='ocr_line' id='line_1_10' title="bbox 165 942 1535 999; baseline -0.001 -9"><span class='ocrx_word' id='word_1_60' title='bbox 165 944 544 990; x_wconf 54' lang='lat' dir='ltr'>”Xoloitzcuintliz</span> <span class='ocrx_word' id='word_1_61' title='bbox 578 942 719 997; x_wconf 84' lang='lat' dir='ltr'>Lupus</span> <span class='ocrx_word' id='word_1_62' title='bbox 741 942 1009 986; x_wconf 80' lang='lat' dir='ltr'>Mexicanus.</span> <span class='ocrx_word' id='word_1_63' title='bbox 1042 942 1253 987; x_wconf 82' lang='lat' dir='ltr'>Herncmd.</span> <span class='ocrx_word' id='word_1_64' title='bbox 1278 943 1387 999; x_wconf 78' lang='lat' dir='ltr'>Hist.</span> <span class='ocrx_word' id='word_1_65' title='bbox 1416 945 1535 988; x_wconf 82' lang='lat' dir='ltr'>Mex.</span> 
     </span>
     <span class='ocr_line' id='line_1_11' title="bbox 233 998 1537 1056; baseline 0.002 -14"><span class='ocrx_word' id='word_1_66' title='bbox 233 1000 326 1056; x_wconf 64' lang='lat' dir='ltr'>fig.</span> <span class='ocrx_word' id='word_1_67' title='bbox 351 1009 394 1054; x_wconf 85' lang='lat' dir='ltr'>p.</span> <span class='ocrx_word' id='word_1_68' title='bbox 426 1012 523 1053; x_wconf 81' lang='lat'>479.</span> <span class='ocrx_word' id='word_1_69' title='bbox 554 998 675 1053; x_wconf 68' lang='lat' dir='ltr'>(Fig.</span> <span class='ocrx_word' id='word_1_70' title='bbox 706 1001 803 1040; x_wconf 77' lang='lat' dir='ltr'>bona</span> <span class='ocrx_word' id='word_1_71' title='bbox 817 1000 851 1053; x_wconf 87' lang='lat'>).</span> <span class='ocrx_word' id='word_1_72' title='bbox 949 999 1205 1043; x_wconf 85' lang='lat' dir='ltr'>Cuetlachtli</span> <span class='ocrx_word' id='word_1_73' title='bbox 1238 1030 1251 1052; x_wconf 88' lang='lat'>‚</span> <span class='ocrx_word' id='word_1_74' title='bbox 1296 999 1365 1043; x_wconf 91' lang='lat' dir='ltr'>seu</span> <span class='ocrx_word' id='word_1_75' title='bbox 1394 1000 1537 1052; x_wconf 79' lang='lat' dir='ltr'>Lupus</span> 
     </span>
     <span class='ocr_line' id='line_1_12' title="bbox 234 1052 1531 1108; baseline 0 -10"><span class='ocrx_word' id='word_1_76' title='bbox 234 1055 420 1099; x_wconf 63' lang='lat' dir='ltr'>ludicus.</span> <span class='ocrx_word' id='word_1_77' title='bbox 451 1056 567 1097; x_wconf 81' lang='lat' dir='ltr'>Fern.</span> <span class='ocrx_word' id='word_1_78' title='bbox 597 1052 709 1108; x_wconf 79' lang='lat' dir='ltr'>Hift.</span> <span class='ocrx_word' id='word_1_79' title='bbox 741 1054 800 1096; x_wconf 88' lang='lat' dir='ltr'>N.</span> <span class='ocrx_word' id='word_1_80' title='bbox 829 1053 943 1108; x_wconf 85' lang='lat' dir='ltr'>Hisp.</span> <span class='ocrx_word' id='word_1_81' title='bbox 977 1063 1012 1105; x_wconf 81' lang='lat' dir='ltr'>p.</span> <span class='ocrx_word' id='word_1_82' title='bbox 1037 1068 1076 1108; x_wconf 82' lang='lat'>7.</span> <span class='ocrx_word' id='word_1_83' title='bbox 1175 1054 1317 1108; x_wconf 82' lang='lat' dir='ltr'>Lupus</span> <span class='ocrx_word' id='word_1_84' title='bbox 1350 1055 1531 1099; x_wconf 67' lang='lat' dir='ltr'>Indicus,</span> 
     </span>
     <span class='ocr_line' id='line_1_13' title="bbox 230 1109 1537 1166; baseline -0.001 -12"><span class='ocrx_word' id='word_1_85' title='bbox 230 1112 330 1165; x_wconf 73' lang='lat' dir='ltr'>Eas.</span> <span class='ocrx_word' id='word_1_86' title='bbox 353 1111 557 1153; x_wconf 75' lang='lat' dir='ltr'>Nieremb.</span> <span class='ocrx_word' id='word_1_87' title='bbox 586 1119 627 1165; x_wconf 82' lang='lat' dir='ltr'>p.</span> <span class='ocrx_word' id='word_1_88' title='bbox 667 1116 758 1155; x_wconf 83' lang='lat'>180.</span> <span class='ocrx_word' id='word_1_89' title='bbox 852 1110 930 1153; x_wconf 86' lang='lat' dir='ltr'>Les</span> <span class='ocrx_word' id='word_1_90' title='bbox 952 1109 1116 1153; x_wconf 81' lang='lat' dir='ltr'>Indiens</span> <span class='ocrx_word' id='word_1_91' title='bbox 1137 1110 1362 1166; x_wconf 77' lang='lat' dir='ltr'>l‘appellent</span> <span class='ocrx_word' id='word_1_92' title='bbox 1387 1110 1537 1154; x_wconf 80' lang='lat' dir='ltr'><strong>CUET-</strong></span> 
     </span>
    </p>
   </div>
   <div class='ocr_carea' id='block_1_6' title="bbox 229 1165 807 1221">
    <p class='ocr_par' dir='ltr' id='par_1_7' title="bbox 229 1165 807 1221">
     <span class='ocr_line' id='line_1_14' title="bbox 229 1165 807 1221; baseline -0.002 -12"><span class='ocrx_word' id='word_1_93' title='bbox 229 1179 447 1210; x_wconf 70' lang='lat' dir='ltr'>LACHTLL</span> <span class='ocrx_word' id='word_1_94' title='bbox 475 1165 572 1221; x_wconf 83' lang='lat' dir='ltr'>Eus.</span> <span class='ocrx_word' id='word_1_95' title='bbox 599 1165 807 1210; x_wconf 83' lang='lat' dir='ltr'>Nieremb.</span> 
     </span>
    </p>
   </div>
   <div class='ocr_carea' id='block_1_7' title="bbox 174 1283 1536 2575">
    <p class='ocr_par' dir='ltr' id='par_1_8' title="bbox 174 1283 1536 2575">
     <span class='ocr_line' id='line_1_15' title="bbox 241 1283 1533 1347; baseline 0 -15"><span class='ocrx_word' id='word_1_96' title='bbox 241 1283 574 1347; x_wconf 85' lang='lat' dir='ltr'>Magnitudine</span> <span class='ocrx_word' id='word_1_97' title='bbox 607 1284 774 1344; x_wconf 78' lang='lat' dir='ltr'>Lupum</span> <span class='ocrx_word' id='word_1_98' title='bbox 802 1284 1020 1343; x_wconf 71' lang='lat' dir='ltr'>vulgarem</span> <span class='ocrx_word' id='word_1_99' title='bbox 1052 1284 1288 1345; x_wconf 81' lang='lat' dir='ltr'>adaequat3</span> <span class='ocrx_word' id='word_1_100' title='bbox 1333 1283 1409 1331; x_wconf 90' lang='lat' dir='ltr'>sed</span> <span class='ocrx_word' id='word_1_101' title='bbox 1440 1300 1533 1332; x_wconf 87' lang='lat' dir='ltr'>arn·</span> 
     </span>
     <span class='ocr_line' id='line_1_16' title="bbox 177 1347 1534 1413; baseline 0 -17"><span class='ocrx_word' id='word_1_102' title='bbox 177 1349 314 1413; x_wconf 68' lang='lat' dir='ltr'>pliori</span> <span class='ocrx_word' id='word_1_103' title='bbox 356 1349 511 1409; x_wconf 85' lang='lat' dir='ltr'>capite</span> <span class='ocrx_word' id='word_1_104' title='bbox 561 1348 750 1408; x_wconf 80' lang='lat' dir='ltr'>gaudet.</span> <span class='ocrx_word' id='word_1_105' title='bbox 829 1348 1014 1393; x_wconf 80' lang='lat' dir='ltr'>&#39;I&#39;orvos</span> <span class='ocrx_word' id='word_1_106' title='bbox 1055 1349 1192 1395; x_wconf 84' lang='lat' dir='ltr'>habet</span> <span class='ocrx_word' id='word_1_107' title='bbox 1232 1347 1282 1395; x_wconf 67' lang='grc' dir='ltr'>ἃ</span> <span class='ocrx_word' id='word_1_108' title='bbox 1325 1350 1534 1397; x_wconf 87' lang='lat' dir='ltr'>lucentes</span> 
     </span>
     <span class='ocr_line' id='line_1_17' title="bbox 178 1409 1536 1471; baseline 0.001 -11"><span class='ocrx_word' id='word_1_109' title='bbox 178 1416 373 1469; x_wconf 78' lang='lat' dir='ltr'>oculos3</span> <span class='ocrx_word' id='word_1_110' title='bbox 417 1412 639 1459; x_wconf 77' lang='lat' dir='ltr'>auriculas</span> <span class='ocrx_word' id='word_1_111' title='bbox 675 1411 739 1458; x_wconf 74' lang='lat' dir='ltr'>sat</span> <span class='ocrx_word' id='word_1_112' title='bbox 780 1412 936 1471; x_wconf 73' lang='lat' dir='ltr'>longas</span> <span class='ocrx_word' id='word_1_113' title='bbox 959 1446 973 1469; x_wconf 85' lang='lat'>‚</span> <span class='ocrx_word' id='word_1_114' title='bbox 1023 1409 1072 1458; x_wconf 83' lang='lat'>&amp;</span> <span class='ocrx_word' id='word_1_115' title='bbox 1108 1412 1281 1459; x_wconf 66' lang='lat' dir='ltr'>eree&#39;tas</span> <span class='ocrx_word' id='word_1_116' title='bbox 1310 1429 1324 1470; x_wconf 73' lang='grc' dir='ltr'><strong>ς</strong></span> <span class='ocrx_word' id='word_1_117' title='bbox 1367 1415 1536 1462; x_wconf 87' lang='lat' dir='ltr'>collum</span> 
     </span>
     <span class='ocr_line' id='line_1_18' title="bbox 177 1475 1534 1539; baseline 0 -14"><span class='ocrx_word' id='word_1_118' title='bbox 177 1479 363 1525; x_wconf 83' lang='lat' dir='ltr'>obesum</span> <span class='ocrx_word' id='word_1_119' title='bbox 389 1513 400 1534; x_wconf 91' lang='lat'><strong>‚</strong></span> <span class='ocrx_word' id='word_1_120' title='bbox 449 1476 496 1523; x_wconf 67' lang='grc' dir='ltr'><strong>ἃ</strong></span> <span class='ocrx_word' id='word_1_121' title='bbox 532 1475 756 1531; x_wconf 72' lang='lat' dir='ltr'>crassum3</span> <span class='ocrx_word' id='word_1_122' title='bbox 802 1476 996 1523; x_wconf 80' lang='lat' dir='ltr'>caudam</span> <span class='ocrx_word' id='word_1_123' title='bbox 1033 1477 1137 1524; x_wconf 86' lang='lat' dir='ltr'>satis</span> <span class='ocrx_word' id='word_1_124' title='bbox 1173 1480 1357 1539; x_wconf 83' lang='lat' dir='ltr'>longam</span> <span class='ocrx_word' id='word_1_125' title='bbox 1383 1515 1395 1536; x_wconf 91' lang='lat'>‚</span> <span class='ocrx_word' id='word_1_126' title='bbox 1440 1494 1534 1526; x_wconf 85' lang='lat' dir='ltr'>non</span> 
     </span>
     <span class='ocr_line' id='line_1_19' title="bbox 178 1540 1532 1604; baseline 0 -14"><span class='ocrx_word' id='word_1_127' title='bbox 178 1542 397 1590; x_wconf 76' lang='lat' dir='ltr'>villosam.</span> <span class='ocrx_word' id='word_1_128' title='bbox 464 1542 534 1587; x_wconf 87' lang='lat' dir='ltr'>Ex</span> <span class='ocrx_word' id='word_1_129' title='bbox 572 1541 804 1602; x_wconf 82' lang='lat' dir='ltr'>superiore</span> <span class='ocrx_word' id='word_1_130' title='bbox 836 1541 962 1585; x_wconf 85' lang='lat' dir='ltr'>labro</span> <span class='ocrx_word' id='word_1_131' title='bbox 1001 1540 1108 1587; x_wconf 86' lang='lat' dir='ltr'>hirti</span> <span class='ocrx_word' id='word_1_132' title='bbox 1148 1542 1394 1589; x_wconf 83' lang='lat' dir='ltr'>admodum</span> <span class='ocrx_word' id='word_1_133' title='bbox 1425 1545 1532 1604; x_wconf 85' lang='lat' dir='ltr'>pili,</span> 
     </span>
     <span class='ocr_line' id='line_1_20' title="bbox 176 1604 1534 1667; baseline 0.001 -13"><span class='ocrx_word' id='word_1_134' title='bbox 176 1609 423 1655; x_wconf 78' lang='lat' dir='ltr'><strong>retrorsum</strong></span> <span class='ocrx_word' id='word_1_135' title='bbox 467 1604 609 1657; x_wconf 74' lang='lat' dir='ltr'>flexi,</span> <span class='ocrx_word' id='word_1_136' title='bbox 657 1606 935 1651; x_wconf 82' lang='lat' dir='ltr'>mollioribus</span> <span class='ocrx_word' id='word_1_137' title='bbox 976 1604 1192 1667; x_wconf 78' lang='lat' dir='ltr'>Hystricis</span> <span class='ocrx_word' id='word_1_138' title='bbox 1228 1609 1398 1655; x_wconf 85' lang='lat' dir='ltr'>aculeis</span> <span class='ocrx_word' id='word_1_139' title='bbox 1440 1623 1534 1656; x_wconf 87' lang='lat' dir='ltr'>non</span> 
     </span>
     <span class='ocr_line' id='line_1_21' title="bbox 177 1669 1532 1731; baseline -0.001 -10"><span class='ocrx_word' id='word_1_140' title='bbox 177 1672 438 1728; x_wconf 74' lang='lat' dir='ltr'>absimileS,</span> <span class='ocrx_word' id='word_1_141' title='bbox 482 1685 537 1715; x_wconf 78' lang='lat' dir='ltr'>ex</span> <span class='ocrx_word' id='word_1_142' title='bbox 568 1670 756 1715; x_wconf 79' lang='lat' dir='ltr'>cinereo</span> <span class='ocrx_word' id='word_1_143' title='bbox 790 1669 988 1731; x_wconf 83' lang='lat' dir='ltr'>alboque</span> <span class='ocrx_word' id='word_1_144' title='bbox 1022 1671 1176 1717; x_wconf 84' lang='lat' dir='ltr'>colore</span> <span class='ocrx_word' id='word_1_145' title='bbox 1204 1673 1345 1730; x_wconf 86' lang='lat' dir='ltr'>varii,</span> <span class='ocrx_word' id='word_1_146' title='bbox 1381 1688 1532 1719; x_wconf 88' lang='lat' dir='ltr'>erum-</span> 
     </span>
     <span class='ocr_line' id='line_1_22' title="bbox 178 1736 1531 1801; baseline 0 -17"><span class='ocrx_word' id='word_1_147' title='bbox 178 1749 310 1801; x_wconf 67' lang='lat' dir='ltr'>punt.</span> <span class='ocrx_word' id='word_1_148' title='bbox 379 1736 516 1781; x_wconf 86' lang='lat' dir='ltr'>Color</span> <span class='ocrx_word' id='word_1_149' title='bbox 539 1740 580 1780; x_wconf 84' lang='lat' dir='ltr'>in</span> <span class='ocrx_word' id='word_1_150' title='bbox 612 1748 712 1780; x_wconf 84' lang='lat' dir='ltr'>toto</span> <span class='ocrx_word' id='word_1_151' title='bbox 745 1749 940 1795; x_wconf 84' lang='lat' dir='ltr'>corpore</span> <span class='ocrx_word' id='word_1_152' title='bbox 966 1737 1211 1793; x_wconf 87' lang='lat' dir='ltr'>cinereus;</span> <span class='ocrx_word' id='word_1_153' title='bbox 1243 1739 1432 1784; x_wconf 87' lang='lat' dir='ltr'>maculis</span> <span class='ocrx_word' id='word_1_154' title='bbox 1465 1750 1531 1784; x_wconf 87' lang='lat' dir='ltr'>ta-</span> 
     </span>
     <span class='ocr_line' id='line_1_23' title="bbox 176 1799 1529 1863; baseline -0.001 -13"><span class='ocrx_word' id='word_1_155' title='bbox 176 1818 285 1850; x_wconf 73' lang='lat' dir='ltr'>men</span> <span class='ocrx_word' id='word_1_156' title='bbox 320 1800 510 1847; x_wconf 84' lang='lat' dir='ltr'>subinde</span> <span class='ocrx_word' id='word_1_157' title='bbox 542 1800 675 1847; x_wconf 85' lang='lat' dir='ltr'>fulvis</span> <span class='ocrx_word' id='word_1_158' title='bbox 701 1799 962 1861; x_wconf 82' lang='lat' dir='ltr'>variegatus</span> <span class='ocrx_word' id='word_1_159' title='bbox 989 1815 1000 1847; x_wconf 77' lang='lat' dir='ltr'><strong><em>z</em></strong></span> <span class='ocrx_word' id='word_1_160' title='bbox 1046 1813 1191 1847; x_wconf 86' lang='lat' dir='ltr'>totum</span> <span class='ocrx_word' id='word_1_161' title='bbox 1231 1813 1369 1863; x_wconf 86' lang='lat' dir='ltr'>caput</span> <span class='ocrx_word' id='word_1_162' title='bbox 1402 1803 1529 1849; x_wconf 88' lang='lat' dir='ltr'>cine·</span> 
     </span>
     <span class='ocr_line' id='line_1_24' title="bbox 175 1863 1528 1929; baseline -0.001 -14"><span class='ocrx_word' id='word_1_163' title='bbox 175 1883 305 1915; x_wconf 65' lang='lat' dir='ltr'>reum</span> <span class='ocrx_word' id='word_1_164' title='bbox 326 1866 391 1912; x_wconf 75' lang='lat' dir='ltr'>est</span> <span class='ocrx_word' id='word_1_165' title='bbox 411 1902 422 1922; x_wconf 95' lang='lat'>,</span> <span class='ocrx_word' id='word_1_166' title='bbox 459 1866 590 1913; x_wconf 87' lang='lat' dir='ltr'>lineis</span> <span class='ocrx_word' id='word_1_167' title='bbox 619 1863 891 1926; x_wconf 81' lang='lat' dir='ltr'>quibusdam</span> <span class='ocrx_word' id='word_1_168' title='bbox 921 1863 1185 1913; x_wconf 74' lang='lat' dir='ltr'>transversis</span> <span class='ocrx_word' id='word_1_169' title='bbox 1218 1866 1528 1929; x_wconf 86' lang='lat' dir='ltr'>subnigrican-</span> 
     </span>
     <span class='ocr_line' id='line_1_25' title="bbox 177 1929 1531 1993; baseline -0.001 -13"><span class='ocrx_word' id='word_1_170' title='bbox 177 1934 300 1980; x_wconf 74' lang='lat' dir='ltr'>tibus</span> <span class='ocrx_word' id='word_1_171' title='bbox 334 1941 567 1977; x_wconf 79' lang='lat' dir='ltr'>ornatum:</span> <span class='ocrx_word' id='word_1_172' title='bbox 603 1932 794 1976; x_wconf 82' lang='lat' dir='ltr'>maculae</span> <span class='ocrx_word' id='word_1_173' title='bbox 829 1931 931 1976; x_wconf 83' lang='lat' dir='ltr'>latae</span> <span class='ocrx_word' id='word_1_174' title='bbox 964 1931 1129 1977; x_wconf 86' lang='lat' dir='ltr'>coloris</span> <span class='ocrx_word' id='word_1_175' title='bbox 1151 1929 1269 1977; x_wconf 79' lang='lat' dir='ltr'>fulvi</span> <span class='ocrx_word' id='word_1_176' title='bbox 1300 1934 1531 1993; x_wconf 86' lang='lat' dir='ltr'>integram</span> 
     </span>
     <span class='ocr_line' id='line_1_26' title="bbox 177 1994 1526 2057; baseline 0 -13"><span class='ocrx_word' id='word_1_177' title='bbox 177 1999 379 2045; x_wconf 69' lang='lat' dir='ltr'>frontem</span> <span class='ocrx_word' id='word_1_178' title='bbox 428 1994 715 2057; x_wconf 79' lang='lat' dir='ltr'>distingunt:</span> <span class='ocrx_word' id='word_1_179' title='bbox 761 1995 973 2041; x_wconf 84' lang='lat' dir='ltr'>auriculae</span> <span class='ocrx_word' id='word_1_180' title='bbox 1020 1995 1119 2040; x_wconf 89' lang='lat' dir='ltr'>sunt</span> <span class='ocrx_word' id='word_1_181' title='bbox 1154 1996 1385 2044; x_wconf 83' lang='lat' dir='ltr'>cinereae:</span> <span class='ocrx_word' id='word_1_182' title='bbox 1432 1998 1526 2044; x_wconf 88' lang='lat' dir='ltr'>col·</span> 
     </span>
     <span class='ocr_line' id='line_1_27' title="bbox 176 2059 1529 2122; baseline -0.001 -12"><span class='ocrx_word' id='word_1_183' title='bbox 176 2067 270 2113; x_wconf 67' lang='lat' dir='ltr'>ium</span> <span class='ocrx_word' id='word_1_184' title='bbox 292 2061 427 2122; x_wconf 81' lang='lat' dir='ltr'>longa</span> <span class='ocrx_word' id='word_1_185' title='bbox 456 2059 674 2122; x_wconf 85' lang='lat' dir='ltr'>fulvaque</span> <span class='ocrx_word' id='word_1_186' title='bbox 705 2062 883 2107; x_wconf 76' lang='lat' dir='ltr'>macula</span> <span class='ocrx_word' id='word_1_187' title='bbox 915 2060 1157 2120; x_wconf 66' lang='lat' dir='ltr'>praeditum</span> <span class='ocrx_word' id='word_1_188' title='bbox 1185 2060 1278 2118; x_wconf 82' lang='lat' dir='ltr'>est,</span> <span class='ocrx_word' id='word_1_189' title='bbox 1315 2062 1389 2109; x_wconf 88' lang='lat' dir='ltr'>cui</span> <span class='ocrx_word' id='word_1_190' title='bbox 1409 2061 1529 2109; x_wconf 83' lang='lat' dir='ltr'>firni-</span> 
     </span>
     <span class='ocr_line' id='line_1_28' title="bbox 175 2123 1529 2188; baseline -0.001 -14"><span class='ocrx_word' id='word_1_191' title='bbox 175 2131 269 2177; x_wconf 65' lang='lat' dir='ltr'>iem</span> <span class='ocrx_word' id='word_1_192' title='bbox 305 2125 352 2173; x_wconf 90' lang='lat' dir='ltr'>in</span> <span class='ocrx_word' id='word_1_193' title='bbox 392 2123 578 2185; x_wconf 62' lang='lat' dir='ltr'>peetore</span> <span class='ocrx_word' id='word_1_194' title='bbox 604 2159 619 2182; x_wconf 90' lang='lat'>,</span> <span class='ocrx_word' id='word_1_195' title='bbox 667 2125 855 2171; x_wconf 85' lang='lat' dir='ltr'>alteram</span> <span class='ocrx_word' id='word_1_196' title='bbox 899 2125 1039 2172; x_wconf 84' lang='lat' dir='ltr'>etiarn</span> <span class='ocrx_word' id='word_1_197' title='bbox 1075 2124 1265 2172; x_wconf 80' lang='lat' dir='ltr'>similem</span> <span class='ocrx_word' id='word_1_198' title='bbox 1306 2127 1353 2173; x_wconf 91' lang='lat' dir='ltr'>in</span> <span class='ocrx_word' id='word_1_199' title='bbox 1395 2139 1529 2188; x_wconf 86' lang='lat' dir='ltr'>parte</span> 
     </span>
     <span class='ocr_line' id='line_1_29' title="bbox 174 2189 1527 2251; baseline -0.003 -10"><span class='ocrx_word' id='word_1_200' title='bbox 174 2190 353 2241; x_wconf 76' lang='lat' dir='ltr'>ventris</span> <span class='ocrx_word' id='word_1_201' title='bbox 384 2190 615 2236; x_wconf 85' lang='lat' dir='ltr'>anteriore</span> <span class='ocrx_word' id='word_1_202' title='bbox 654 2190 800 2250; x_wconf 81' lang='lat' dir='ltr'>gerit:</span> <span class='ocrx_word' id='word_1_203' title='bbox 846 2189 995 2237; x_wconf 83' lang='lat' dir='ltr'>taeniae</span> <span class='ocrx_word' id='word_1_204' title='bbox 1028 2189 1254 2251; x_wconf 83' lang='lat' dir='ltr'>subnigrae</span> <span class='ocrx_word' id='word_1_205' title='bbox 1276 2224 1292 2249; x_wconf 88' lang='lat'>‚</span> <span class='ocrx_word' id='word_1_206' title='bbox 1334 2206 1361 2238; x_wconf 87' lang='lat' dir='ltr'>a</span> <span class='ocrx_word' id='word_1_207' title='bbox 1396 2192 1527 2238; x_wconf 87' lang='lat' dir='ltr'>dorso</span> 
     </span>
     <span class='ocr_line' id='line_1_30' title="bbox 177 2253 1526 2310; baseline -0.002 -6"><span class='ocrx_word' id='word_1_208' title='bbox 177 2257 236 2306; x_wconf 78' lang='lat' dir='ltr'>ad</span> <span class='ocrx_word' id='word_1_209' title='bbox 268 2255 409 2301; x_wconf 85' lang='lat' dir='ltr'>latera</span> <span class='ocrx_word' id='word_1_210' title='bbox 431 2289 445 2310; x_wconf 88' lang='lat'>,</span> <span class='ocrx_word' id='word_1_211' title='bbox 478 2253 686 2301; x_wconf 84' lang='lat' dir='ltr'>deorsum</span> <span class='ocrx_word' id='word_1_212' title='bbox 716 2254 825 2300; x_wconf 82' lang='lat' dir='ltr'>hinc</span> <span class='ocrx_word' id='word_1_213' title='bbox 857 2255 966 2302; x_wconf 86' lang='lat' dir='ltr'>inde</span> <span class='ocrx_word' id='word_1_214' title='bbox 995 2255 1201 2302; x_wconf 62' lang='lat' dir='ltr'>deduffle</span> <span class='ocrx_word' id='word_1_215' title='bbox 1233 2256 1346 2302; x_wconf 84' lang='lat' dir='ltr'>sunt.</span> <span class='ocrx_word' id='word_1_216' title='bbox 1409 2256 1526 2301; x_wconf 89' lang='lat' dir='ltr'>Cau·</span> 
     </span>
     <span class='ocr_line' id='line_1_31' title="bbox 179 2318 1529 2380; baseline 0.002 -18"><span class='ocrx_word' id='word_1_217' title='bbox 179 2321 267 2377; x_wconf 68' lang='lat' dir='ltr'>da,</span> <span class='ocrx_word' id='word_1_218' title='bbox 300 2331 401 2380; x_wconf 82' lang='lat' dir='ltr'>quae</span> <span class='ocrx_word' id='word_1_219' title='bbox 437 2319 621 2366; x_wconf 89' lang='lat' dir='ltr'>cinerea</span> <span class='ocrx_word' id='word_1_220' title='bbox 651 2318 717 2365; x_wconf 85' lang='lat' dir='ltr'>est</span> <span class='ocrx_word' id='word_1_221' title='bbox 742 2355 755 2376; x_wconf 90' lang='lat'>‚</span> <span class='ocrx_word' id='word_1_222' title='bbox 803 2320 848 2365; x_wconf 89' lang='lat' dir='ltr'>in</span> <span class='ocrx_word' id='word_1_223' title='bbox 877 2319 1031 2367; x_wconf 90' lang='lat' dir='ltr'>medio</span> <span class='ocrx_word' id='word_1_224' title='bbox 1059 2321 1314 2368; x_wconf 86' lang='lat' dir='ltr'>subfulvam</span> <span class='ocrx_word' id='word_1_225' title='bbox 1343 2320 1529 2366; x_wconf 88' lang='lat' dir='ltr'>obtinet</span> 
     </span>
     <span class='ocr_line' id='line_1_32' title="bbox 178 2384 1527 2444; baseline -0.003 -10"><span class='ocrx_word' id='word_1_226' title='bbox 178 2384 434 2439; x_wconf 84' lang='lat' dir='ltr'>maculam,</span> <span class='ocrx_word' id='word_1_227' title='bbox 469 2385 686 2443; x_wconf 84' lang='lat' dir='ltr'>paulatim</span> <span class='ocrx_word' id='word_1_228' title='bbox 711 2385 1082 2432; x_wconf 84' lang='lat' dir='ltr'><strong>evanescentem.</strong></span> <span class='ocrx_word' id='word_1_229' title='bbox 1152 2386 1290 2430; x_wconf 84' lang='lat' dir='ltr'>Crura</span> <span class='ocrx_word' id='word_1_230' title='bbox 1309 2399 1362 2430; x_wconf 87' lang='lat' dir='ltr'>ac</span> <span class='ocrx_word' id='word_1_231' title='bbox 1386 2385 1527 2444; x_wconf 88' lang='lat' dir='ltr'>pedes</span> 
     </span>
     <span class='ocr_line' id='line_1_33' title="bbox 178 2445 1526 2508; baseline -0.003 -10"><span class='ocrx_word' id='word_1_232' title='bbox 178 2448 372 2498; x_wconf 84' lang='lat' dir='ltr'>cinereis</span> <span class='ocrx_word' id='word_1_233' title='bbox 406 2445 454 2494; x_wconf 67' lang='grc' dir='ltr'><strong>ἃ</strong></span> <span class='ocrx_word' id='word_1_234' title='bbox 483 2447 814 2508; x_wconf 81' lang='lat' dir='ltr'>nigricantibus</span> <span class='ocrx_word' id='word_1_235' title='bbox 844 2449 1003 2505; x_wconf 89' lang='lat' dir='ltr'>lineis,</span> <span class='ocrx_word' id='word_1_236' title='bbox 1036 2464 1061 2496; x_wconf 88' lang='lat' dir='ltr'>a</span> <span class='ocrx_word' id='word_1_237' title='bbox 1094 2448 1266 2494; x_wconf 89' lang='lat' dir='ltr'>summo</span> <span class='ocrx_word' id='word_1_238' title='bbox 1295 2449 1351 2495; x_wconf 91' lang='lat' dir='ltr'>ad</span> <span class='ocrx_word' id='word_1_239' title='bbox 1382 2451 1526 2496; x_wconf 88' lang='lat' dir='ltr'>imum</span> 
     </span>
     <span class='ocr_line' id='line_1_34' title="bbox 180 2511 1526 2575; baseline -0.001 -13"><span class='ocrx_word' id='word_1_240' title='bbox 180 2513 384 2562; x_wconf 64' lang='lat' dir='ltr'>dedue‘tis</span> <span class='ocrx_word' id='word_1_241' title='bbox 408 2546 421 2567; x_wconf 89' lang='lat'>‚</span> <span class='ocrx_word' id='word_1_242' title='bbox 465 2511 776 2575; x_wconf 83' lang='lat' dir='ltr'>variegantur.</span> <span class='ocrx_word' id='word_1_243' title='bbox 863 2512 1061 2562; x_wconf 79' lang='lat' dir='ltr'>Habitat</span> <span class='ocrx_word' id='word_1_244' title='bbox 1098 2514 1143 2560; x_wconf 91' lang='lat' dir='ltr'>in</span> <span class='ocrx_word' id='word_1_245' title='bbox 1182 2512 1341 2561; x_wconf 84' lang='lat' dir='ltr'>calidis</span> <span class='ocrx_word' id='word_1_246' title='bbox 1392 2516 1526 2561; x_wconf 69' lang='lat' dir='ltr'><em>Novce</em></span> 
     </span>
    </p>
   </div>
   <div class='ocr_carea' id='block_1_8' title="bbox 182 2575 548 2642">
    <p class='ocr_par' dir='ltr' id='par_1_9' title="bbox 182 2575 548 2642">
     <span class='ocr_line' id='line_1_35' title="bbox 182 2575 548 2642; baseline -0.016 -15"><span class='ocrx_word' id='word_1_247' title='bbox 182 2578 400 2642; x_wconf 63' lang='lat' dir='ltr'>Hispaniae</span> <span class='ocrx_word' id='word_1_248' title='bbox 421 2575 548 2623; x_wconf 84' lang='lat' dir='ltr'>locis.</span> 
     </span>
    </p>
   </div>
   <div class='ocr_carea' id='block_1_9' title="bbox 1488 2728 1536 2775">
    <p class='ocr_par' dir='ltr' id='par_1_10' title="bbox 1393 2717 1536 2775">
     <span class='ocr_line' id='line_1_36' title="bbox 1488 2728 1536 2775; baseline -0.007 -33.664"><span class='ocrx_word' id='word_1_249' title='bbox 1488 2728 1536 2775; x_wconf 39' lang='lat'>5‚</span> 
     </span>
    </p>
   </div>
  </div>
 </body>
</html>
