1696 2988
210 124 249 182 (3⁵
279 126 320 182 E
351 130 463 180 TA
495 130 534 178 C
563 130 604 178 E
634 129 694 179 A.
759 128 871 178 Ordo
901 127 938 177 I.
985 118 1126 178 Genus
1151 126 1189 178 1.
1288 140 1387 196 223¹
1432 195 1434 197 Ι

85 247 252 304 periore
274 247 410 301 multo
433 247 626 289 latiorem
654 243 823 288 habens.
853 243 955 300 Raj.
985 244 1084 299 Syn.
1116 245 1222 298 Pisc.
1246 255 1289 301 p.
1320 260 1386 299 17.

84 309 124 355 ’9.
149 304 323 346 Sibbald.
348 302 442 356 Obs.
458 310 498 355 p.
519 315 586 357 33.
608 299 696 356 Fig.
722 299 766 342 Τ.
785 315 825 356 3.
854 300 969 355 (Fzg.
990 304 1062 356 sat
1091 303 1231 355 bona).
1309 303 1388 345 Ba.

85 361 195 403 laena
218 359 354 403 fistula
382 357 538 408 duplici
564 359 604 398 in
632 356 802 408 fronte,
830 357 997 399 maxilla
1029 356 1230 400 inferiore
1250 359 1388 401 multo

91 412 258 458 latiore.
288 413 383 456 Art.
418 412 520 477 Gerr.
549 411 655 464 Pisc.
675 424 720 467 g.
741 418 808 464 48.
827 411 891 468 sp'.
912 426 954 466 4.
984 412 1083 455 Arc.
1109 412 1256 469 Synon.
1277 413 1389 475 fise.

90 462 701 569 ssfflffrassseslanssmsszdflff·
714 468 1130 588 ἐΐλῗτξφῗεῑὲ.
1155 474 1392 579 ffif’ass:

97 581 187 634 la).
279 579 459 622 Balaena.
492 576 593 620 Bell.
623 578 779 633 Aquat.
808 588 847 632 p.
878 594 918 632 4.
946 578 1033 634 Fzg.
1058 587 1096 632 p.
1117 584 1158 621 6.
1192 580 1313 633 (Fig.
1345 586 1392 622 ut

80 634 254 692 supra).
344 634 514 679 Balene.
543 633 645 677 Bell.
677 637 744 677 des
766 633 869 690 Pois.
894 643 935 690 p.
961 648 1003 688 4.
1024 634 1114 691 Fz·g,-
1140 643 1186 689 p.
1205 647 1247 688 5.
1275 634 1391 692 (Fig.

104 782 257 839 Illius,
291 781 419 843 cujus
446 780 803 843 descriptionem
836 773 969 828 dedit
994 776 1249 840 Sihhaldus‚
1295 784 1392 830 lon-

43 847 209 911 gitudo
231 849 288 909 78
322 845 465 907 pedes
494 859 667 908 aequat:
713 845 910 892 ambitus
937 847 1140 906 corporis
1170 863 1194 907 3
1202 863 1229 904 5
1252 847 1396 907 pedes

40 914 238 974 superat.
317 912 515 959 Maxilla
549 910 742 959 inferior
776 912 923 957 multo
954 911 1090 958 latior
1125 911 1190 958 est
1216 910 1267 959 &
1300 927 1393 959 arn-²

40 979 160 1041 plior
181 976 440 1039 superiore,
474 975 634 1038 figurae
663 975 1007 1023 semicircularis
1027 1010 1043 1034 ‚
1079 975 1129 1024 ἃ
1162 992 1217 1038 13
1252 978 1397 1038 pedes

40 1057 148 1090 curn
183 1051 238 1100 2³,-
267 1041 507 1104 pollicibus
536 1042 709 1103 longa:
752 1041 955 1101 superior
983 1056 1096 1088 vero
1128 1041 1397 1103 angustior,

43 1106 94 1155 &
119 1106 275 1154 versus
309 1118 486 1166 partem
512 1116 773 1154 extremam
799 1106 1106 1164 contractior,
1136 1106 1183 1153 in
1205 1118 1395 1154 acutum

42 1169 223 1219 definit.
289 1169 452 1218 Rietus
484 1183 638 1218 autern
671 1169 806 1231 ipsius
842 1182 996 1217 tantus
1024 1170 1113 1229 est,
1148 1172 1261 1219 utin
1298 1171 1398 1234 ejus

44 1253 125 1285 ore
152 1251 243 1282 uno
267 1235 528 1297 eodemque
552 1248 763 1295 tempore
790 1249 845 1293 14
868 1237 1050 1283 homines
1073 1235 1190 1283 stare
1211 1236 1398 1298 poffint.

46 1301 231 1363 Lingua
264 1314 320 1359 15·
343 1299 482 1363 pedes
514 1296 563 1347 δι
588 1310 643 1360 7}
673 1300 861 1360 pollices
883 1301 1046 1361 longa,
1081 1299 1130 1347 <Sc
1156 1316 1246 1363 qua
1267 1315 1399 1364 parte

45 1366 252 1414 latiffirna
278 1380 336 1424 15
363 1380 545 1428 quoque
573 1367 714 1427 pedes
738 1364 1263 1428 aequat‚substantiaque
1286 1367 1401 1413 mol-’-

45 1431 205 1478 lisfima
237 1430 430 1477 constat.
499 1432 679 1477 Totum
711 1432 915 1491 palatum
946 1430 1092 1493 nigris
1131 1430 1401 1479 contectum

46 1495 112 1543 est
137 1497 267 1551 setis,
300 1509 400 1556 quae
433 1496 563 1556 supra
593 1496 794 1557 linguam
817 1495 1046 1555 pendent:
1081 1496 1263 1543 laminae
1298 1511 1402 1544 cor·

47 1575 150 1607 neae
178 1560 321 1622 nigrae
347 1559 449 1606 sunt
486 1556 536 1605 <Sc
566 1561 765 1617 breves3
809 1560 1039 1622 longiores
1071 1561 1197 1608 enim
1232 1576 1256 1621 3
1298 1573 1403 1609 tan-

45 1636 143 1672 tum
179 1624 320 1686 pedes
351 1637 547 1686 aequant.
622 1625 740 1670 Duae
776 1625 877 1671 sunt
914 1625 960 1671 in
999 1624 1155 1672 fronte
1196 1624 1400 1684 fistulae,

49 1692 212 1753 quibus
235 1705 397 1751 aquam
421 1688 577 1752 rejicit
599 1687 648 1736 <Sc
678 1687 832 1745 efflat,
866 1688 1025 1751 figurae
1056 1689 1111 1737 ad
1142 1690 1403 1752 pyramida-

46 1756 139 1802 letn
174 1754 462 1810 accedentis,
497 1753 626 1816 cujus
648 1753 761 1801 bafis
781 1753 933 1801 versus
956 1753 1156 1801 frontem
1190 1755 1403 1803 vertitur.

50 1820 189 1867 Oculi
215 1821 350 1881 paulo
380 1820 511 1880 supra
540 1819 631 1865 oris
659 1820 851 1881 angulos
883 1818 955 1866 firi
987 1819 1115 1877 sunt,
1160 1817 1210 1866 δε
1247 1821 1303 1867 ab
1336 1821 1404 1867 eis

47 1885 106 1931 ad
134 1882 267 1930 rostri
301 1885 643 1932 extremitatem
674 1883 889 1931 distantia
913 1883 979 1931 est
1012 1900 1066 1946 13
1100 1883 1273 1946 pedum
1298 1883 1346 1932 δε
1374 1900 1402 1932 2

45 1949 281 2011 pollicum.
355 1949 511 1997 Pinnae
544 1949 750 1997 laterales
792 1964 850 1996 10
889 1950 1030 2011 pedes
1074 1951 1262 2011 longae,
1316 1965 1407 2012 qua

45 2025 176 2076 parte
212 2012 429 2061 latiffimae
462 2019 517 2070 2¹³
548 2015 690 2074 pedes
718 2028 899 2076 aequant
922 2049 938 2072 ,
984 2014 1031 2062 ἅ
1063 2013 1217 2063 versus
1254 2028 1405 2064 extre-

45 2094 172 2125 mum
209 2094 232 2139 3
270 2089 448 2127 tantum
486 2079 678 2139 pollices
704 2080 821 2127 latae.
889 2079 966 2128 Ab
999 2080 1066 2127 eis
1101 2081 1158 2126 ad
1182 2079 1273 2126 oris
1310 2081 1406 2128 hia·

48 2155 147 2190 tum
179 2143 395 2191 distantia
432 2143 499 2191 est
541 2148 570 2191 6
604 2145 772 2205 pedum
816 2142 866 2193 &
897 2159 927 2204 5
959 2145 1191 2209 pollicum.
1261 2145 1409 2194 Pinna

50 2207 237 2255 dorsalis
260 2208 415 2256 versus
440 2208 634 2256 caudam
665 2207 746 2256 fita
770 2208 837 2257 est
857 2245 870 2266 ,
904 2223 1087 2273 tresque
1117 2209 1301 2257 circiter
1326 2225 1409 2272 pe-

48 2272 131 2319 des
154 2274 318 2336 longa,
355 2272 405 2321 &
427 2274 544 2322 duos
569 2273 678 2321 lata.
717 2274 872 2322 Cauda
901 2280 984 2331 18}
1002 2275 1142 2336 pedes
1164 2275 1411 2324 latitudine

54 2337 257 2400 attingit.
324 2338 487 2397 Penis,
521 2339 597 2402 qui
618 2340 752 2399 paulo
777 2339 897 2386 infra
919 2341 1185 2387 umbilicum
1207 2341 1410 2402 pendet,

54 2416 82 2459 5
109 2405 249 2461 pedes
276 2403 472 2466 longus,
505 2404 552 2451 in
576 2416 740 2451 exortu
767 2419 799 2463 4
828 2404 968 2467 pedes
1000 2406 1047 2452 in
1075 2407 1253 2453 ambitu
1288 2407 1411 2453 obti-

54 2477 164 2522 net,
200 2465 449 2531 senfimque
473 2468 530 2515 ad
557 2482 816 2515 extremum
851 2470 1080 2531 angustius
1101 2472 1269 2531 vergit.
1333 2469 1412 2517 Ad

55 2543 83 2587 5
112 2528 255 2590 pedes
284 2530 363 2578 sub
396 2548 516 2594 pene
553 2548 664 2580 anus
696 2533 803 2581 situs
835 2534 936 2592 est3
981 2536 1097 2582 rima
1124 2546 1278 2581 autem
1311 2534 1413 2595 ejus

56 2607 198 2641 unum
227 2594 394 2654 pedem
426 2599 579 2658 longa.
645 2598 690 2645 A
713 2599 899 2646 maxilla
929 2598 1150 2646 inferiore
1175 2598 1232 2644 ad
1262 2599 1412 2644 umbi-

48 2657 192 2709 licum
217 2661 565 2723 venterplenus
587 2661 652 2712 est
674 2663 810 2725 plicis
833 2663 910 2712 seu
929 2663 1082 2726 rugis,
1112 2676 1214 2724 quae
1236 2661 1282 2709 in
1311 2663 1413 2709 lati-

1344 2739 1411 2775 tu-
